datetime,last_price,volume,amount,bid_price1,bid_volume1,ask_price1,ask_volume1,tick_volume,tick_amount
2026-04-30 13:36:33.000000000,3201.0,376121.0,12028799240.0,3200.0,1091.0,3201.0,925.0,0.0,0.0
2026-04-30 13:36:33.500000000,3201.0,376133.0,12029183360.0,3200.0,1103.0,3201.0,913.0,12.0,384120.0
2026-04-30 13:36:34.000000000,3201.0,376138.0,12029343410.0,3200.0,1103.0,3201.0,893.0,5.0,160050.0
2026-04-30 13:36:34.500000000,3201.0,376139.0,12029375420.0,3200.0,1115.0,3201.0,892.0,1.0,32010.0
2026-04-30 13:36:35.000000000,3201.0,376140.0,12029407430.0,3200.0,1115.0,3201.0,877.0,1.0,32010.0
2026-04-30 13:36:35.500000000,3201.0,376141.0,12029439440.0,3200.0,1118.0,3201.0,890.0,1.0,32010.0
2026-04-30 13:36:36.000000000,3201.0,376141.0,12029439440.0,3200.0,1118.0,3201.0,899.0,0.0,0.0
2026-04-30 13:36:36.500000000,3201.0,376163.0,12030143460.0,3200.0,1098.0,3201.0,897.0,22.0,704020.0
2026-04-30 13:36:37.500000000,3201.0,376163.0,12030143460.0,3200.0,1101.0,3201.0,902.0,0.0,0.0
2026-04-30 13:36:38.000000000,3201.0,376168.0,12030303510.0,3200.0,1106.0,3201.0,912.0,5.0,160050.0
2026-04-30 13:36:38.500000000,3201.0,376176.0,12030559590.0,3200.0,1107.0,3201.0,893.0,8.0,256080.0
2026-04-30 13:36:39.000000000,3201.0,376182.0,12030751650.0,3200.0,1106.0,3201.0,902.0,6.0,192060.0
2026-04-30 13:36:39.500000000,3201.0,376183.0,12030783660.0,3200.0,1105.0,3201.0,903.0,1.0,32010.0
2026-04-30 13:36:40.000000000,3201.0,376188.0,12030943710.0,3200.0,1103.0,3201.0,901.0,5.0,160050.0
2026-04-30 13:36:40.500000000,3200.0,376190.0,12031007720.0,3200.0,1105.0,3201.0,902.0,2.0,64010.0
2026-04-30 13:36:41.000000000,3201.0,376196.0,12031199780.0,3200.0,1111.0,3201.0,897.0,6.0,192060.0
2026-04-30 13:36:41.500000000,3200.0,376198.0,12031263790.0,3200.0,1119.0,3201.0,899.0,2.0,64010.0
2026-04-30 13:36:42.000000000,3200.0,376199.0,12031295790.0,3200.0,1118.0,3201.0,850.0,1.0,32000.0
2026-04-30 13:36:42.500000000,3201.0,376201.0,12031359800.0,3200.0,1115.0,3201.0,850.0,2.0,64010.0
2026-04-30 13:36:43.000000000,3201.0,376201.0,12031359800.0,3200.0,1114.0,3201.0,808.0,0.0,0.0
2026-04-30 13:36:43.500000000,3201.0,376250.0,12032928290.0,3200.0,1412.0,3201.0,696.0,49.0,1568490.0
2026-04-30 13:36:44.000000000,3201.0,376584.0,12043619630.0,3200.0,1419.0,3201.0,52.0,334.0,10691340.0
2026-04-30 13:36:44.500000000,3201.0,376677.0,12046596890.0,3201.0,436.0,3202.0,1456.0,93.0,2977260.0
2026-04-30 13:36:45.000000000,3201.0,376678.0,12046628900.0,3201.0,743.0,3202.0,1245.0,1.0,32010.0
2026-04-30 13:36:45.500000000,3201.0,376713.0,12047749440.0,3201.0,885.0,3202.0,945.0,35.0,1120540.0
2026-04-30 13:36:46.000000000,3202.0,376715.0,12047813470.0,3201.0,884.0,3202.0,712.0,2.0,64030.0
2026-04-30 13:36:46.500000000,3201.0,376716.0,12047845480.0,3201.0,883.0,3202.0,413.0,1.0,32010.0
2026-04-30 13:36:47.000000000,3201.0,376717.0,12047877490.0,3201.0,1054.0,3202.0,329.0,1.0,32010.0
2026-04-30 13:36:47.500000000,3201.0,376718.0,12047909500.0,3201.0,1122.0,3202.0,165.0,1.0,32010.0
2026-04-30 13:36:48.000000000,3201.0,376863.0,12052552390.0,3201.0,1121.0,3202.0,19.0,145.0,4642890.0
2026-04-30 13:36:48.500000000,3203.0,376890.0,12053416980.0,3202.0,106.0,3203.0,1147.0,27.0,864590.0
2026-04-30 13:36:49.000000000,3202.0,376923.0,12054473860.0,3202.0,237.0,3203.0,1257.0,33.0,1056880.0
2026-04-30 13:36:49.500000000,3203.0,376931.0,12054730100.0,3202.0,216.0,3203.0,1293.0,8.0,256240.0
2026-04-30 13:36:50.000000000,3202.0,376954.0,12055466660.0,3202.0,155.0,3203.0,1296.0,23.0,736560.0
2026-04-30 13:36:50.500000000,3203.0,376959.0,12055626810.0,3202.0,112.0,3203.0,1296.0,5.0,160150.0
2026-04-30 13:36:51.000000000,3202.0,376960.0,12055658830.0,3202.0,81.0,3203.0,1301.0,1.0,32020.0
2026-04-30 13:36:51.500000000,3202.0,376989.0,12056587410.0,3202.0,46.0,3203.0,1303.0,29.0,928580.0
2026-04-30 13:36:52.000000000,3203.0,376994.0,12056747520.0,3202.0,38.0,3203.0,1302.0,5.0,160110.0
2026-04-30 13:36:52.500000000,3203.0,377021.0,12057612120.0,3202.0,19.0,3203.0,1296.0,27.0,864600.0
2026-04-30 13:36:53.000000000,3202.0,377022.0,12057644140.0,3202.0,18.0,3203.0,1296.0,1.0,32020.0
2026-04-30 13:36:53.500000000,3203.0,377023.0,12057676170.0,3202.0,21.0,3203.0,1302.0,1.0,32030.0
2026-04-30 13:36:54.000000000,3202.0,377029.0,12057868340.0,3202.0,20.0,3203.0,1296.0,6.0,192170.0
2026-04-30 13:36:54.500000000,3202.0,377041.0,12058252590.0,3202.0,14.0,3203.0,1295.0,12.0,384250.0
2026-04-30 13:36:55.000000000,3203.0,377048.0,12058476800.0,3202.0,12.0,3203.0,1289.0,7.0,224210.0
2026-04-30 13:36:55.500000000,3202.0,377063.0,12058957150.0,3202.0,8.0,3203.0,1288.0,15.0,480350.0
2026-04-30 13:36:56.000000000,3202.0,377065.0,12059021200.0,3202.0,4.0,3203.0,1289.0,2.0,64050.0
2026-04-30 13:36:56.500000000,3202.0,377065.0,12059021200.0,3202.0,7.0,3203.0,1292.0,0.0,0.0
2026-04-30 13:36:57.000000000,3202.0,377066.0,12059053220.0,3202.0,3.0,3203.0,1294.0,1.0,32020.0
2026-04-30 13:36:57.500000000,3202.0,377070.0,12059181300.0,3201.0,1280.0,3202.0,1.0,4.0,128080.0
2026-04-30 13:36:58.000000000,3203.0,377076.0,12059373430.0,3202.0,134.0,3203.0,1292.0,6.0,192130.0
2026-04-30 13:36:58.500000000,3203.0,377088.0,12059757780.0,3202.0,196.0,3203.0,1288.0,12.0,384350.0
2026-04-30 13:36:59.000000000,3203.0,377094.0,12059949950.0,3202.0,386.0,3203.0,1172.0,6.0,192170.0
2026-04-30 13:36:59.500000000,3202.0,377097.0,12060046020.0,3202.0,657.0,3203.0,1132.0,3.0,96070.0
2026-04-30 13:37:00.000000000,3202.0,377098.0,12060078040.0,3202.0,598.0,3203.0,1109.0,1.0,32020.0
2026-04-30 13:37:00.500000000,3203.0,377101.0,12060174120.0,3202.0,598.0,3203.0,1106.0,3.0,96080.0
2026-04-30 13:37:01.000000000,3202.0,377102.0,12060206140.0,3202.0,730.0,3203.0,1107.0,1.0,32020.0
2026-04-30 13:37:01.500000000,3202.0,377103.0,12060238160.0,3202.0,755.0,3203.0,997.0,1.0,32020.0
2026-04-30 13:37:02.000000000,3203.0,377106.0,12060334240.0,3202.0,814.0,3203.0,997.0,3.0,96080.0
2026-04-30 13:37:02.500000000,3203.0,377108.0,12060398290.0,3202.0,822.0,3203.0,1031.0,2.0,64050.0
2026-04-30 13:37:03.000000000,3203.0,377110.0,12060462340.0,3202.0,743.0,3203.0,1030.0,2.0,64050.0
2026-04-30 13:37:03.500000000,3202.0,377123.0,12060878610.0,3202.0,813.0,3203.0,1033.0,13.0,416270.0
2026-04-30 13:37:04.000000000,3202.0,377123.0,12060878610.0,3202.0,814.0,3203.0,1035.0,0.0,0.0
2026-04-30 13:37:04.500000000,3203.0,377128.0,12061038750.0,3202.0,848.0,3203.0,1029.0,5.0,160140.0
2026-04-30 13:37:05.000000000,3202.0,377129.0,12061070770.0,3202.0,857.0,3203.0,1042.0,1.0,32020.0
2026-04-30 13:37:05.500000000,3202.0,377150.0,12061743190.0,3202.0,828.0,3203.0,1140.0,21.0,672420.0
2026-04-30 13:37:06.000000000,3202.0,377151.0,12061775210.0,3202.0,796.0,3203.0,1155.0,1.0,32020.0
2026-04-30 13:37:06.500000000,3202.0,377152.0,12061807230.0,3202.0,793.0,3203.0,1156.0,1.0,32020.0
2026-04-30 13:37:07.000000000,3202.0,377153.0,12061839250.0,3202.0,713.0,3203.0,1161.0,1.0,32020.0
2026-04-30 13:37:07.500000000,3203.0,377158.0,12061999390.0,3202.0,713.0,3203.0,1168.0,5.0,160140.0
2026-04-30 13:37:08.000000000,3202.0,377159.0,12062031410.0,3202.0,744.0,3203.0,1168.0,1.0,32020.0
2026-04-30 13:37:08.500000000,3202.0,377160.0,12062063430.0,3202.0,663.0,3203.0,1156.0,1.0,32020.0
2026-04-30 13:37:09.000000000,3202.0,377163.0,12062159490.0,3202.0,660.0,3203.0,1172.0,3.0,96060.0
2026-04-30 13:37:09.500000000,3202.0,377169.0,12062351610.0,3202.0,657.0,3203.0,1166.0,6.0,192120.0
2026-04-30 13:37:10.000000000,3202.0,377213.0,12063760490.0,3202.0,695.0,3203.0,1167.0,44.0,1408880.0
2026-04-30 13:37:10.500000000,3203.0,377219.0,12063952660.0,3202.0,604.0,3203.0,1163.0,6.0,192170.0
2026-04-30 13:37:11.000000000,3203.0,377221.0,12064016710.0,3202.0,536.0,3203.0,1167.0,2.0,64050.0
2026-04-30 13:37:11.500000000,3202.0,377225.0,12064144790.0,3202.0,494.0,3203.0,1169.0,4.0,128080.0
2026-04-30 13:37:12.000000000,3202.0,377226.0,12064176810.0,3202.0,283.0,3203.0,1276.0,1.0,32020.0
2026-04-30 13:37:12.500000000,3202.0,377230.0,12064304900.0,3202.0,114.0,3203.0,1277.0,4.0,128090.0
2026-04-30 13:37:13.000000000,3202.0,377231.0,12064336920.0,3202.0,123.0,3203.0,1447.0,1.0,32020.0
2026-04-30 13:37:13.500000000,3202.0,377233.0,12064400970.0,3202.0,126.0,3203.0,1473.0,2.0,64050.0
2026-04-30 13:37:14.000000000,3202.0,377233.0,12064400970.0,3202.0,126.0,3203.0,1482.0,0.0,0.0
2026-04-30 13:37:14.500000000,3202.0,377243.0,12064721170.0,3202.0,119.0,3203.0,1476.0,10.0,320200.0
2026-04-30 13:37:15.000000000,3202.0,377246.0,12064817230.0,3202.0,114.0,3203.0,1487.0,3.0,96060.0
2026-04-30 13:37:15.500000000,3202.0,377247.0,12064849250.0,3202.0,112.0,3203.0,1499.0,1.0,32020.0
2026-04-30 13:37:16.000000000,3202.0,377248.0,12064881270.0,3202.0,274.0,3203.0,1219.0,1.0,32020.0
2026-04-30 13:37:16.500000000,3202.0,377249.0,12064913290.0,3202.0,355.0,3203.0,1179.0,1.0,32020.0
2026-04-30 13:37:17.000000000,3202.0,377250.0,12064945310.0,3202.0,334.0,3203.0,1179.0,1.0,32020.0
2026-04-30 13:37:17.500000000,3202.0,377251.0,12064977330.0,3202.0,277.0,3203.0,1212.0,1.0,32020.0
2026-04-30 13:37:18.000000000,3202.0,377252.0,12065009350.0,3202.0,229.0,3203.0,1171.0,1.0,32020.0
2026-04-30 13:37:18.500000000,3202.0,377256.0,12065137450.0,3202.0,307.0,3203.0,1172.0,4.0,128100.0
2026-04-30 13:37:19.000000000,3202.0,377257.0,12065169470.0,3202.0,227.0,3203.0,1209.0,1.0,32020.0
2026-04-30 13:37:19.500000000,3203.0,377280.0,12065905950.0,3202.0,181.0,3203.0,1188.0,23.0,736480.0
2026-04-30 13:37:20.000000000,3202.0,377282.0,12065969990.0,3202.0,99.0,3203.0,1294.0,2.0,64040.0
2026-04-30 13:37:20.500000000,3202.0,377288.0,12066162110.0,3202.0,93.0,3203.0,1316.0,6.0,192120.0
2026-04-30 13:37:21.000000000,3202.0,377289.0,12066194130.0,3202.0,92.0,3203.0,1321.0,1.0,32020.0
2026-04-30 13:37:21.500000000,3202.0,377292.0,12066290190.0,3202.0,89.0,3203.0,1324.0,3.0,96060.0
2026-04-30 13:37:22.000000000,3202.0,377307.0,12066770610.0,3202.0,143.0,3203.0,1282.0,15.0,480420.0
2026-04-30 13:37:22.500000000,3202.0,377318.0,12067122900.0,3202.0,329.0,3203.0,1154.0,11.0,352290.0
2026-04-30 13:37:23.000000000,3203.0,377324.0,12067315050.0,3202.0,427.0,3203.0,1142.0,6.0,192150.0
2026-04-30 13:37:23.500000000,3202.0,377325.0,12067347070.0,3202.0,287.0,3203.0,1170.0,1.0,32020.0
2026-04-30 13:37:24.000000000,3203.0,377328.0,12067443160.0,3202.0,137.0,3203.0,1169.0,3.0,96090.0
2026-04-30 13:37:24.500000000,3202.0,377329.0,12067475180.0,3202.0,166.0,3203.0,1326.0,1.0,32020.0
2026-04-30 13:37:25.000000000,3203.0,377332.0,12067571250.0,3202.0,166.0,3203.0,1432.0,3.0,96070.0
2026-04-30 13:37:25.500000000,3202.0,377333.0,12067603270.0,3202.0,84.0,3203.0,1442.0,1.0,32020.0
2026-04-30 13:37:26.000000000,3202.0,377342.0,12067891450.0,3202.0,71.0,3203.0,1464.0,9.0,288180.0
2026-04-30 13:37:26.500000000,3201.0,377453.0,12071445280.0,3201.0,1386.0,3202.0,74.0,111.0,3553830.0
2026-04-30 13:37:27.000000000,3201.0,377519.0,12073558380.0,3201.0,1048.0,3202.0,581.0,66.0,2113100.0
2026-04-30 13:37:27.500000000,3202.0,377521.0,12073622410.0,3201.0,1100.0,3202.0,723.0,2.0,64030.0
2026-04-30 13:37:28.000000000,3202.0,377527.0,12073814500.0,3201.0,1112.0,3202.0,629.0,6.0,192090.0
2026-04-30 13:37:28.500000000,3202.0,377550.0,12074550960.0,3201.0,1112.0,3202.0,626.0,23.0,736460.0
2026-04-30 13:37:29.000000000,3202.0,377555.0,12074711060.0,3201.0,1103.0,3202.0,655.0,5.0,160100.0
2026-04-30 13:37:29.500000000,3202.0,377560.0,12074871160.0,3201.0,1059.0,3202.0,730.0,5.0,160100.0
2026-04-30 13:37:30.000000000,3201.0,377574.0,12075319400.0,3201.0,1055.0,3202.0,721.0,14.0,448240.0
2026-04-30 13:37:30.500000000,3201.0,377577.0,12075415440.0,3201.0,1103.0,3202.0,720.0,3.0,96040.0
2026-04-30 13:37:31.000000000,3202.0,377580.0,12075511500.0,3201.0,1103.0,3202.0,694.0,3.0,96060.0
2026-04-30 13:37:31.500000000,3202.0,377582.0,12075575540.0,3201.0,1106.0,3202.0,693.0,2.0,64040.0
2026-04-30 13:37:32.000000000,3202.0,378345.0,12100006780.0,3202.0,239.0,3203.0,1490.0,763.0,24431240.0
2026-04-30 13:37:32.500000000,3203.0,378472.0,12104074300.0,3202.0,832.0,3203.0,1209.0,127.0,4067520.0
2026-04-30 13:37:33.000000000,3203.0,378573.0,12107309170.0,3202.0,959.0,3203.0,910.0,101.0,3234870.0
2026-04-30 13:37:33.500000000,3203.0,378605.0,12108334120.0,3202.0,1044.0,3203.0,795.0,32.0,1024950.0
2026-04-30 13:37:34.000000000,3203.0,378605.0,12108334120.0,3202.0,1055.0,3203.0,808.0,0.0,0.0
2026-04-30 13:37:34.500000000,3203.0,378612.0,12108558320.0,3202.0,1055.0,3203.0,802.0,7.0,224200.0
2026-04-30 13:37:35.000000000,3202.0,378613.0,12108590340.0,3202.0,1054.0,3203.0,802.0,1.0,32020.0
2026-04-30 13:37:35.500000000,3203.0,378617.0,12108718450.0,3202.0,1053.0,3203.0,801.0,4.0,128110.0
2026-04-30 13:37:36.000000000,3202.0,378618.0,12108750470.0,3202.0,1053.0,3203.0,801.0,1.0,32020.0
2026-04-30 13:37:36.500000000,3202.0,378619.0,12108782490.0,3202.0,1053.0,3203.0,803.0,1.0,32020.0
2026-04-30 13:37:37.000000000,3202.0,378620.0,12108814510.0,3202.0,1053.0,3203.0,805.0,1.0,32020.0
2026-04-30 13:37:37.500000000,3202.0,378621.0,12108846530.0,3202.0,1055.0,3203.0,809.0,1.0,32020.0
2026-04-30 13:37:38.000000000,3203.0,378624.0,12108942610.0,3202.0,1060.0,3203.0,808.0,3.0,96080.0
2026-04-30 13:37:38.500000000,3203.0,378626.0,12109006660.0,3202.0,1060.0,3203.0,813.0,2.0,64050.0
2026-04-30 13:37:39.000000000,3202.0,378627.0,12109038680.0,3202.0,1059.0,3203.0,813.0,1.0,32020.0
2026-04-30 13:37:39.500000000,3203.0,378629.0,12109102730.0,3202.0,1059.0,3203.0,814.0,2.0,64050.0
2026-04-30 13:37:40.000000000,3202.0,378632.0,12109198790.0,3202.0,1056.0,3203.0,844.0,3.0,96060.0
2026-04-30 13:37:40.500000000,3203.0,378638.0,12109390960.0,3202.0,1056.0,3203.0,829.0,6.0,192170.0
2026-04-30 13:37:41.000000000,3202.0,378640.0,12109455000.0,3202.0,1054.0,3203.0,829.0,2.0,64040.0
2026-04-30 13:37:41.500000000,3202.0,378642.0,12109519040.0,3202.0,1054.0,3203.0,833.0,2.0,64040.0
2026-04-30 13:37:42.000000000,3202.0,378642.0,12109519040.0,3202.0,1054.0,3203.0,841.0,0.0,0.0
2026-04-30 13:37:42.500000000,3203.0,378646.0,12109647160.0,3202.0,1059.0,3203.0,835.0,4.0,128120.0
2026-04-30 13:37:43.000000000,3202.0,378647.0,12109679180.0,3202.0,1057.0,3203.0,831.0,1.0,32020.0
2026-04-30 13:37:43.500000000,3202.0,378647.0,12109679180.0,3202.0,1063.0,3203.0,832.0,0.0,0.0
2026-04-30 13:37:44.000000000,3202.0,378647.0,12109679180.0,3202.0,1065.0,3203.0,835.0,0.0,0.0
2026-04-30 13:37:44.500000000,3202.0,378649.0,12109743220.0,3202.0,1063.0,3203.0,834.0,2.0,64040.0
2026-04-30 13:37:45.000000000,3202.0,378649.0,12109743220.0,3202.0,1063.0,3203.0,838.0,0.0,0.0
2026-04-30 13:37:45.500000000,3202.0,378649.0,12109743220.0,3202.0,1062.0,3203.0,838.0,0.0,0.0
2026-04-30 13:37:46.000000000,3203.0,378651.0,12109807280.0,3202.0,1062.0,3203.0,836.0,2.0,64060.0
2026-04-30 13:37:46.500000000,3203.0,378654.0,12109903370.0,3202.0,1062.0,3203.0,833.0,3.0,96090.0
2026-04-30 13:37:47.000000000,3203.0,378656.0,12109967430.0,3202.0,1062.0,3203.0,843.0,2.0,64060.0
2026-04-30 13:37:47.500000000,3203.0,378664.0,12110223670.0,3202.0,1062.0,3203.0,836.0,8.0,256240.0
2026-04-30 13:37:48.000000000,3203.0,378666.0,12110287730.0,3202.0,1062.0,3203.0,836.0,2.0,64060.0
2026-04-30 13:37:48.500000000,3203.0,378672.0,12110479910.0,3202.0,1062.0,3203.0,829.0,6.0,192180.0
2026-04-30 13:37:49.000000000,3203.0,378673.0,12110511940.0,3202.0,1065.0,3203.0,849.0,1.0,32030.0
2026-04-30 13:37:49.500000000,3203.0,378674.0,12110543970.0,3202.0,1075.0,3203.0,854.0,1.0,32030.0
2026-04-30 13:37:50.000000000,3203.0,378674.0,12110543970.0,3202.0,1075.0,3203.0,856.0,0.0,0.0
2026-04-30 13:37:50.500000000,3203.0,378681.0,12110768180.0,3202.0,1071.0,3203.0,865.0,7.0,224210.0
2026-04-30 13:37:51.000000000,3203.0,378685.0,12110896300.0,3202.0,1071.0,3203.0,862.0,4.0,128120.0
2026-04-30 13:37:51.500000000,3203.0,378690.0,12111056450.0,3202.0,1071.0,3203.0,858.0,5.0,160150.0
2026-04-30 13:37:52.000000000,3203.0,378691.0,12111088480.0,3202.0,1071.0,3203.0,858.0,1.0,32030.0
2026-04-30 13:37:52.500000000,3203.0,378696.0,12111248630.0,3202.0,1071.0,3203.0,854.0,5.0,160150.0
2026-04-30 13:37:53.000000000,3203.0,378699.0,12111344720.0,3202.0,1071.0,3203.0,851.0,3.0,96090.0
2026-04-30 13:37:53.500000000,3203.0,378704.0,12111504870.0,3202.0,1071.0,3203.0,846.0,5.0,160150.0
2026-04-30 13:37:54.000000000,3202.0,378707.0,12111600930.0,3202.0,1068.0,3203.0,846.0,3.0,96060.0
2026-04-30 13:37:54.500000000,3202.0,378714.0,12111825090.0,3202.0,1061.0,3203.0,840.0,7.0,224160.0
2026-04-30 13:37:55.000000000,3203.0,378739.0,12112625640.0,3202.0,1041.0,3203.0,817.0,25.0,800550.0
2026-04-30 13:37:55.500000000,3202.0,378741.0,12112689680.0,3202.0,1040.0,3203.0,816.0,2.0,64040.0
2026-04-30 13:37:56.000000000,3202.0,378741.0,12112689680.0,3202.0,1040.0,3203.0,814.0,0.0,0.0
2026-04-30 13:37:56.500000000,3202.0,378741.0,12112689680.0,3202.0,1040.0,3203.0,816.0,0.0,0.0
2026-04-30 13:37:57.000000000,3202.0,378742.0,12112721700.0,3202.0,1039.0,3203.0,820.0,1.0,32020.0
2026-04-30 13:37:57.500000000,3203.0,378745.0,12112817790.0,3202.0,1039.0,3203.0,822.0,3.0,96090.0
2026-04-30 13:37:58.000000000,3203.0,378745.0,12112817790.0,3202.0,1039.0,3203.0,825.0,0.0,0.0
2026-04-30 13:37:58.500000000,3202.0,378749.0,12112945880.0,3202.0,1037.0,3203.0,824.0,4.0,128090.0
2026-04-30 13:37:59.000000000,3203.0,378757.0,12113202110.0,3202.0,1036.0,3203.0,817.0,8.0,256230.0
2026-04-30 13:37:59.500000000,3203.0,378765.0,12113458340.0,3202.0,1036.0,3203.0,810.0,8.0,256230.0
2026-04-30 13:38:00.000000000,3203.0,378802.0,12114643440.0,3202.0,1016.0,3203.0,788.0,37.0,1185100.0
2026-04-30 13:38:00.500000000,3202.0,378818.0,12115155790.0,3202.0,1003.0,3203.0,820.0,16.0,512350.0
2026-04-30 13:38:01.000000000,3203.0,378830.0,12115540140.0,3202.0,1004.0,3203.0,980.0,12.0,384350.0
2026-04-30 13:38:01.500000000,3203.0,378850.0,12116180730.0,3202.0,993.0,3203.0,991.0,20.0,640590.0
2026-04-30 13:38:02.000000000,3203.0,378869.0,12116789130.0,3202.0,976.0,3203.0,960.0,19.0,608400.0
2026-04-30 13:38:02.500000000,3202.0,378876.0,12117013320.0,3202.0,989.0,3203.0,987.0,7.0,224190.0
2026-04-30 13:38:03.000000000,3202.0,378878.0,12117077360.0,3202.0,987.0,3203.0,958.0,2.0,64040.0
2026-04-30 13:38:03.500000000,3203.0,378880.0,12117141410.0,3202.0,996.0,3203.0,987.0,2.0,64050.0
2026-04-30 13:38:04.000000000,3203.0,378880.0,12117141410.0,3202.0,996.0,3203.0,988.0,0.0,0.0
2026-04-30 13:38:04.500000000,3203.0,378882.0,12117205460.0,3202.0,996.0,3203.0,943.0,2.0,64050.0
2026-04-30 13:38:05.000000000,3202.0,378884.0,12117269500.0,3202.0,995.0,3203.0,943.0,2.0,64040.0
2026-04-30 13:38:05.500000000,3203.0,378888.0,12117397610.0,3202.0,997.0,3203.0,942.0,4.0,128110.0
2026-04-30 13:38:06.000000000,3202.0,378889.0,12117429630.0,3202.0,996.0,3203.0,945.0,1.0,32020.0
2026-04-30 13:38:06.500000000,3202.0,378891.0,12117493670.0,3202.0,995.0,3203.0,945.0,2.0,64040.0
2026-04-30 13:38:07.000000000,3202.0,378892.0,12117525690.0,3202.0,994.0,3203.0,992.0,1.0,32020.0
2026-04-30 13:38:07.500000000,3202.0,378894.0,12117589730.0,3202.0,980.0,3203.0,992.0,2.0,64040.0
2026-04-30 13:38:08.000000000,3202.0,378896.0,12117653770.0,3202.0,978.0,3203.0,993.0,2.0,64040.0
2026-04-30 13:38:08.500000000,3203.0,378902.0,12117845940.0,3202.0,952.0,3203.0,988.0,6.0,192170.0
2026-04-30 13:38:09.000000000,3202.0,378903.0,12117877960.0,3202.0,955.0,3203.0,989.0,1.0,32020.0
2026-04-30 13:38:09.500000000,3202.0,378906.0,12117974020.0,3202.0,952.0,3203.0,989.0,3.0,96060.0
2026-04-30 13:38:10.000000000,3202.0,378908.0,12118038070.0,3202.0,952.0,3203.0,994.0,2.0,64050.0
2026-04-30 13:38:10.500000000,3202.0,378910.0,12118102110.0,3202.0,1064.0,3203.0,921.0,2.0,64040.0
2026-04-30 13:38:11.000000000,3202.0,378910.0,12118102110.0,3202.0,1063.0,3203.0,961.0,0.0,0.0
2026-04-30 13:38:11.500000000,3202.0,378910.0,12118102110.0,3202.0,979.0,3203.0,961.0,0.0,0.0
2026-04-30 13:38:12.000000000,3202.0,378911.0,12118134130.0,3202.0,979.0,3203.0,965.0,1.0,32020.0
2026-04-30 13:38:12.500000000,3203.0,378920.0,12118422390.0,3202.0,977.0,3203.0,957.0,9.0,288260.0
2026-04-30 13:38:13.000000000,3202.0,378922.0,12118486430.0,3202.0,983.0,3203.0,957.0,2.0,64040.0
2026-04-30 13:38:13.500000000,3202.0,378924.0,12118550470.0,3202.0,999.0,3203.0,959.0,2.0,64040.0
2026-04-30 13:38:14.000000000,3202.0,378945.0,12119222890.0,3202.0,979.0,3203.0,960.0,21.0,672420.0
2026-04-30 13:38:14.500000000,3202.0,378946.0,12119254910.0,3202.0,964.0,3203.0,958.0,1.0,32020.0
2026-04-30 13:38:15.000000000,3203.0,378958.0,12119639250.0,3202.0,962.0,3203.0,949.0,12.0,384340.0
2026-04-30 13:38:15.500000000,3202.0,378959.0,12119671270.0,3202.0,978.0,3203.0,949.0,1.0,32020.0
2026-04-30 13:38:16.000000000,3202.0,378960.0,12119703290.0,3202.0,975.0,3203.0,949.0,1.0,32020.0
2026-04-30 13:38:16.500000000,3203.0,378961.0,12119735320.0,3202.0,978.0,3203.0,950.0,1.0,32030.0
2026-04-30 13:38:17.000000000,3203.0,378965.0,12119863430.0,3202.0,964.0,3203.0,951.0,4.0,128110.0
2026-04-30 13:38:17.500000000,3203.0,378967.0,12119927480.0,3202.0,970.0,3203.0,948.0,2.0,64050.0
2026-04-30 13:38:18.000000000,3202.0,378968.0,12119959500.0,3202.0,968.0,3203.0,946.0,1.0,32020.0
2026-04-30 13:38:18.500000000,3203.0,378972.0,12120087590.0,3202.0,980.0,3203.0,945.0,4.0,128090.0
2026-04-30 13:38:19.000000000,3202.0,378974.0,12120151630.0,3202.0,980.0,3203.0,948.0,2.0,64040.0
2026-04-30 13:38:19.500000000,3202.0,378997.0,12120888090.0,3202.0,946.0,3203.0,946.0,23.0,736460.0
2026-04-30 13:38:20.000000000,3202.0,379001.0,12121016200.0,3202.0,942.0,3203.0,1015.0,4.0,128110.0
2026-04-30 13:38:20.500000000,3202.0,379009.0,12121272420.0,3202.0,920.0,3203.0,1015.0,8.0,256220.0
2026-04-30 13:38:21.000000000,3202.0,379011.0,12121336460.0,3202.0,927.0,3203.0,1015.0,2.0,64040.0
2026-04-30 13:38:21.500000000,3202.0,379030.0,12121944860.0,3202.0,915.0,3203.0,970.0,19.0,608400.0
2026-04-30 13:38:22.000000000,3202.0,379031.0,12121976880.0,3202.0,914.0,3203.0,944.0,1.0,32020.0
2026-04-30 13:38:22.500000000,3202.0,379032.0,12122008900.0,3202.0,914.0,3203.0,945.0,1.0,32020.0
2026-04-30 13:38:23.000000000,3203.0,379035.0,12122104970.0,3202.0,911.0,3203.0,945.0,3.0,96070.0
2026-04-30 13:38:23.500000000,3202.0,379037.0,12122169010.0,3202.0,912.0,3203.0,983.0,2.0,64040.0
2026-04-30 13:38:24.000000000,3202.0,379038.0,12122201030.0,3202.0,911.0,3203.0,982.0,1.0,32020.0
2026-04-30 13:38:24.500000000,3203.0,379043.0,12122361170.0,3202.0,910.0,3203.0,969.0,5.0,160140.0
2026-04-30 13:38:25.000000000,3202.0,379046.0,12122457230.0,3202.0,907.0,3203.0,940.0,3.0,96060.0
2026-04-30 13:38:25.500000000,3202.0,379046.0,12122457230.0,3202.0,909.0,3203.0,998.0,0.0,0.0
2026-04-30 13:38:26.000000000,3202.0,379047.0,12122489250.0,3202.0,907.0,3203.0,998.0,1.0,32020.0
2026-04-30 13:38:26.500000000,3203.0,379049.0,12122553300.0,3202.0,906.0,3203.0,997.0,2.0,64050.0
2026-04-30 13:38:27.000000000,3202.0,379061.0,12122937640.0,3202.0,904.0,3203.0,988.0,12.0,384340.0
2026-04-30 13:38:27.500000000,3203.0,379067.0,12123129810.0,3202.0,897.0,3203.0,983.0,6.0,192170.0
2026-04-30 13:38:28.000000000,3203.0,379073.0,12123321980.0,3202.0,910.0,3203.0,978.0,6.0,192170.0
2026-04-30 13:38:28.500000000,3203.0,379078.0,12123482120.0,3202.0,912.0,3203.0,976.0,5.0,160140.0
2026-04-30 13:38:29.000000000,3203.0,379080.0,12123546170.0,3202.0,923.0,3203.0,975.0,2.0,64050.0
2026-04-30 13:38:29.500000000,3202.0,379081.0,12123578190.0,3202.0,922.0,3203.0,979.0,1.0,32020.0
2026-04-30 13:38:30.000000000,3202.0,379082.0,12123610210.0,3202.0,906.0,3203.0,977.0,1.0,32020.0
2026-04-30 13:38:30.500000000,3203.0,379089.0,12123834410.0,3202.0,906.0,3203.0,974.0,7.0,224200.0
2026-04-30 13:38:31.000000000,3202.0,379100.0,12124186630.0,3202.0,895.0,3203.0,978.0,11.0,352220.0
2026-04-30 13:38:31.500000000,3202.0,379101.0,12124218650.0,3202.0,896.0,3203.0,980.0,1.0,32020.0
2026-04-30 13:38:32.000000000,3202.0,379102.0,12124250670.0,3202.0,897.0,3203.0,980.0,1.0,32020.0
2026-04-30 13:38:32.500000000,3202.0,379148.0,12125723590.0,3202.0,851.0,3203.0,1123.0,46.0,1472920.0
2026-04-30 13:38:33.000000000,3202.0,379177.0,12126652330.0,3202.0,503.0,3203.0,1249.0,29.0,928740.0
2026-04-30 13:38:33.500000000,3202.0,379243.0,12128765700.0,3202.0,127.0,3203.0,1257.0,66.0,2113370.0
2026-04-30 13:38:34.000000000,3203.0,379380.0,12133152540.0,3202.0,55.0,3203.0,1249.0,137.0,4386840.0
2026-04-30 13:38:34.500000000,3202.0,379404.0,12133921200.0,3202.0,47.0,3203.0,1237.0,24.0,768660.0
2026-04-30 13:38:35.000000000,3202.0,379419.0,12134401500.0,3202.0,6.0,3203.0,1237.0,15.0,480300.0
2026-04-30 13:38:35.500000000,3203.0,379423.0,12134529600.0,3202.0,30.0,3203.0,1241.0,4.0,128100.0
2026-04-30 13:38:36.000000000,3203.0,379425.0,12134593650.0,3202.0,26.0,3203.0,1244.0,2.0,64050.0
2026-04-30 13:38:36.500000000,3202.0,379427.0,12134657690.0,3202.0,27.0,3203.0,1244.0,2.0,64040.0
2026-04-30 13:38:37.000000000,3202.0,379430.0,12134753750.0,3202.0,22.0,3203.0,1099.0,3.0,96060.0
2026-04-30 13:38:37.500000000,3203.0,379432.0,12134817800.0,3202.0,25.0,3203.0,1250.0,2.0,64050.0
2026-04-30 13:38:38.000000000,3202.0,379433.0,12134849820.0,3202.0,4.0,3203.0,1252.0,1.0,32020.0
2026-04-30 13:38:38.500000000,3203.0,379445.0,12135234150.0,3202.0,1.0,3203.0,1231.0,12.0,384330.0
2026-04-30 13:38:39.000000000,3203.0,379454.0,12135522410.0,3201.0,1133.0,3203.0,1223.0,9.0,288260.0
2026-04-30 13:38:39.500000000,3202.0,379486.0,12136547050.0,3201.0,1162.0,3202.0,131.0,32.0,1024640.0
2026-04-30 13:38:40.000000000,3202.0,379598.0,12140132750.0,3202.0,23.0,3203.0,1219.0,112.0,3585700.0
2026-04-30 13:38:40.500000000,3202.0,379658.0,12142054050.0,3202.0,785.0,3203.0,1025.0,60.0,1921300.0
2026-04-30 13:38:41.000000000,3203.0,379694.0,12143207120.0,3202.0,1099.0,3203.0,816.0,36.0,1153070.0
2026-04-30 13:38:41.500000000,3202.0,379695.0,12143239140.0,3202.0,1118.0,3203.0,717.0,1.0,32020.0
2026-04-30 13:38:42.000000000,3202.0,379697.0,12143303180.0,3202.0,1116.0,3203.0,655.0,2.0,64040.0
2026-04-30 13:38:42.500000000,3202.0,379698.0,12143335200.0,3202.0,1115.0,3203.0,640.0,1.0,32020.0
2026-04-30 13:38:43.000000000,3203.0,379709.0,12143687520.0,3202.0,1119.0,3203.0,631.0,11.0,352320.0
2026-04-30 13:38:43.500000000,3203.0,379717.0,12143943740.0,3202.0,1119.0,3203.0,625.0,8.0,256220.0
2026-04-30 13:38:44.000000000,3202.0,379720.0,12144039800.0,3202.0,1116.0,3203.0,643.0,3.0,96060.0
2026-04-30 13:38:44.500000000,3203.0,379726.0,12144231970.0,3202.0,1112.0,3203.0,542.0,6.0,192170.0
2026-04-30 13:38:45.000000000,3202.0,379727.0,12144263990.0,3202.0,1112.0,3203.0,522.0,1.0,32020.0
2026-04-30 13:38:45.500000000,3202.0,379728.0,12144296010.0,3202.0,1110.0,3203.0,521.0,1.0,32020.0
2026-04-30 13:38:46.000000000,3202.0,379729.0,12144328030.0,3202.0,1109.0,3203.0,523.0,1.0,32020.0
2026-04-30 13:38:46.500000000,3203.0,379731.0,12144392080.0,3202.0,1108.0,3203.0,542.0,2.0,64050.0
2026-04-30 13:38:47.000000000,3203.0,379738.0,12144616280.0,3202.0,1107.0,3203.0,536.0,7.0,224200.0
2026-04-30 13:38:47.500000000,3203.0,379742.0,12144744390.0,3202.0,1201.0,3203.0,533.0,4.0,128110.0
2026-04-30 13:38:48.000000000,3202.0,379743.0,12144776410.0,3202.0,1213.0,3203.0,514.0,1.0,32020.0
2026-04-30 13:38:48.500000000,3202.0,379744.0,12144808430.0,3202.0,1212.0,3203.0,513.0,1.0,32020.0
2026-04-30 13:38:49.000000000,3203.0,379746.0,12144872480.0,3202.0,1211.0,3203.0,512.0,2.0,64050.0
2026-04-30 13:38:49.500000000,3202.0,379748.0,12144936520.0,3202.0,1210.0,3203.0,511.0,2.0,64040.0
2026-04-30 13:38:50.000000000,3202.0,379751.0,12145032600.0,3202.0,1210.0,3203.0,514.0,3.0,96080.0
2026-04-30 13:38:50.500000000,3202.0,379753.0,12145096640.0,3202.0,1212.0,3203.0,525.0,2.0,64040.0
2026-04-30 13:38:51.000000000,3203.0,379756.0,12145192720.0,3202.0,1211.0,3203.0,523.0,3.0,96080.0
2026-04-30 13:38:51.500000000,3203.0,379758.0,12145256770.0,3202.0,1211.0,3203.0,522.0,2.0,64050.0
2026-04-30 13:38:52.000000000,3202.0,379759.0,12145288790.0,3202.0,1210.0,3203.0,522.0,1.0,32020.0
2026-04-30 13:38:52.500000000,3202.0,379760.0,12145320810.0,3202.0,1209.0,3203.0,523.0,1.0,32020.0
2026-04-30 13:38:53.000000000,3203.0,379765.0,12145480950.0,3202.0,1207.0,3203.0,521.0,5.0,160140.0
2026-04-30 13:38:53.500000000,3202.0,379766.0,12145512970.0,3202.0,1209.0,3203.0,521.0,1.0,32020.0
2026-04-30 13:38:54.000000000,3202.0,379766.0,12145512970.0,3202.0,1115.0,3203.0,537.0,0.0,0.0
2026-04-30 13:38:54.500000000,3203.0,379768.0,12145577020.0,3202.0,1112.0,3203.0,617.0,2.0,64050.0
2026-04-30 13:38:55.000000000,3202.0,379779.0,12145929240.0,3202.0,1102.0,3203.0,617.0,11.0,352220.0
2026-04-30 13:38:55.500000000,3202.0,379782.0,12146025310.0,3202.0,1100.0,3203.0,615.0,3.0,96070.0
2026-04-30 13:38:56.000000000,3202.0,379783.0,12146057330.0,3202.0,1099.0,3203.0,615.0,1.0,32020.0
2026-04-30 13:38:56.500000000,3202.0,379784.0,12146089350.0,3202.0,1098.0,3203.0,614.0,1.0,32020.0
2026-04-30 13:38:57.000000000,3202.0,379785.0,12146121370.0,3202.0,1098.0,3203.0,617.0,1.0,32020.0
2026-04-30 13:38:57.500000000,3202.0,379786.0,12146153390.0,3202.0,1097.0,3203.0,616.0,1.0,32020.0
2026-04-30 13:38:58.000000000,3202.0,379787.0,12146185410.0,3202.0,1096.0,3203.0,616.0,1.0,32020.0
2026-04-30 13:38:58.500000000,3203.0,379790.0,12146281480.0,3202.0,1094.0,3203.0,615.0,3.0,96070.0
2026-04-30 13:38:59.000000000,3202.0,379791.0,12146313500.0,3202.0,1094.0,3203.0,616.0,1.0,32020.0
2026-04-30 13:38:59.500000000,3202.0,379795.0,12146441580.0,3202.0,1079.0,3203.0,631.0,4.0,128080.0
2026-04-30 13:39:00.000000000,3203.0,379797.0,12146505630.0,3202.0,1078.0,3203.0,837.0,2.0,64050.0
2026-04-30 13:39:00.500000000,3202.0,379798.0,12146537650.0,3202.0,1079.0,3203.0,853.0,1.0,32020.0
2026-04-30 13:39:01.000000000,3202.0,379799.0,12146569670.0,3202.0,1082.0,3203.0,861.0,1.0,32020.0
2026-04-30 13:39:01.500000000,3203.0,379802.0,12146665750.0,3202.0,1084.0,3203.0,862.0,3.0,96080.0
2026-04-30 13:39:02.000000000,3203.0,379806.0,12146793860.0,3202.0,1082.0,3203.0,859.0,4.0,128110.0
2026-04-30 13:39:02.500000000,3202.0,379811.0,12146953960.0,3202.0,1077.0,3203.0,861.0,5.0,160100.0
2026-04-30 13:39:03.000000000,3202.0,379813.0,12147018000.0,3202.0,1086.0,3203.0,833.0,2.0,64040.0
2026-04-30 13:39:03.500000000,3202.0,379819.0,12147210140.0,3202.0,1082.0,3203.0,832.0,6.0,192140.0
2026-04-30 13:39:04.000000000,3203.0,379828.0,12147498400.0,3202.0,1081.0,3203.0,825.0,9.0,288260.0
2026-04-30 13:39:04.500000000,3203.0,379853.0,12148299140.0,3202.0,1080.0,3203.0,801.0,25.0,800740.0
2026-04-30 13:39:05.000000000,3202.0,379855.0,12148363180.0,3202.0,1078.0,3203.0,804.0,2.0,64040.0
2026-04-30 13:39:05.500000000,3202.0,379861.0,12148555340.0,3202.0,1081.0,3203.0,801.0,6.0,192160.0
2026-04-30 13:39:06.000000000,3202.0,379862.0,12148587360.0,3202.0,1081.0,3203.0,805.0,1.0,32020.0
2026-04-30 13:39:06.500000000,3202.0,379865.0,12148683430.0,3202.0,1077.0,3203.0,802.0,3.0,96070.0
2026-04-30 13:39:07.000000000,3203.0,379872.0,12148907630.0,3202.0,1076.0,3203.0,801.0,7.0,224200.0
2026-04-30 13:39:07.500000000,3203.0,379879.0,12149131830.0,3202.0,1080.0,3203.0,796.0,7.0,224200.0
2026-04-30 13:39:08.000000000,3202.0,379880.0,12149163850.0,3202.0,1080.0,3203.0,719.0,1.0,32020.0
2026-04-30 13:39:08.500000000,3202.0,379881.0,12149195870.0,3202.0,1094.0,3203.0,706.0,1.0,32020.0
2026-04-30 13:39:09.000000000,3202.0,379882.0,12149227890.0,3202.0,1094.0,3203.0,706.0,1.0,32020.0
2026-04-30 13:39:09.500000000,3202.0,379883.0,12149259910.0,3202.0,1081.0,3203.0,731.0,1.0,32020.0
2026-04-30 13:39:10.000000000,3202.0,379884.0,12149291930.0,3202.0,1086.0,3203.0,731.0,1.0,32020.0
2026-04-30 13:39:10.500000000,3203.0,379887.0,12149388010.0,3202.0,1079.0,3203.0,730.0,3.0,96080.0
2026-04-30 13:39:11.000000000,3203.0,379902.0,12149868360.0,3202.0,1078.0,3203.0,727.0,15.0,480350.0
2026-04-30 13:39:11.500000000,3203.0,379904.0,12149932410.0,3202.0,1081.0,3203.0,724.0,2.0,64050.0
2026-04-30 13:39:12.000000000,3203.0,379910.0,12150124580.0,3202.0,1081.0,3203.0,721.0,6.0,192170.0
2026-04-30 13:39:12.500000000,3202.0,379911.0,12150156600.0,3202.0,1080.0,3203.0,694.0,1.0,32020.0
2026-04-30 13:39:13.000000000,3202.0,379915.0,12150284680.0,3202.0,1077.0,3203.0,697.0,4.0,128080.0
2026-04-30 13:39:13.500000000,3202.0,379916.0,12150316700.0,3202.0,1077.0,3203.0,698.0,1.0,32020.0
2026-04-30 13:39:14.000000000,3202.0,379916.0,12150316700.0,3202.0,1073.0,3203.0,701.0,0.0,0.0
2026-04-30 13:39:14.500000000,3203.0,379918.0,12150380750.0,3202.0,1078.0,3203.0,710.0,2.0,64050.0
2026-04-30 13:39:15.000000000,3202.0,379919.0,12150412770.0,3202.0,1072.0,3203.0,711.0,1.0,32020.0
2026-04-30 13:39:15.500000000,3203.0,379925.0,12150604940.0,3202.0,1083.0,3203.0,706.0,6.0,192170.0
2026-04-30 13:39:16.000000000,3202.0,379926.0,12150636960.0,3202.0,1080.0,3203.0,708.0,1.0,32020.0
2026-04-30 13:39:16.500000000,3202.0,379927.0,12150668980.0,3202.0,1070.0,3203.0,706.0,1.0,32020.0
2026-04-30 13:39:17.000000000,3202.0,379928.0,12150701000.0,3202.0,1080.0,3203.0,708.0,1.0,32020.0
2026-04-30 13:39:17.500000000,3203.0,379932.0,12150829110.0,3202.0,1074.0,3203.0,707.0,4.0,128110.0
2026-04-30 13:39:18.000000000,3202.0,379933.0,12150861130.0,3202.0,1088.0,3203.0,712.0,1.0,32020.0
2026-04-30 13:39:18.500000000,3203.0,379939.0,12151053300.0,3202.0,1082.0,3203.0,708.0,6.0,192170.0
2026-04-30 13:39:19.000000000,3202.0,379940.0,12151085320.0,3202.0,1096.0,3203.0,708.0,1.0,32020.0
2026-04-30 13:39:19.500000000,3202.0,379941.0,12151117340.0,3202.0,1096.0,3203.0,706.0,1.0,32020.0
2026-04-30 13:39:20.000000000,3203.0,379961.0,12151757890.0,3202.0,1091.0,3203.0,698.0,20.0,640550.0
2026-04-30 13:39:20.500000000,3203.0,379964.0,12151853970.0,3202.0,1090.0,3203.0,646.0,3.0,96080.0
2026-04-30 13:39:21.000000000,3202.0,379985.0,12152526390.0,3202.0,1162.0,3203.0,545.0,21.0,672420.0
2026-04-30 13:39:21.500000000,3202.0,379986.0,12152558410.0,3202.0,1162.0,3203.0,509.0,1.0,32020.0
2026-04-30 13:39:22.000000000,3203.0,379989.0,12152654490.0,3202.0,1161.0,3203.0,476.0,3.0,96080.0
2026-04-30 13:39:22.500000000,3202.0,379990.0,12152686510.0,3202.0,1163.0,3203.0,454.0,1.0,32020.0
2026-04-30 13:39:23.000000000,3202.0,380003.0,12153102770.0,3202.0,1145.0,3203.0,452.0,13.0,416260.0
2026-04-30 13:39:23.500000000,3202.0,380453.0,12167516010.0,3202.0,1127.0,3203.0,26.0,450.0,14413240.0
2026-04-30 13:39:24.000000000,3204.0,380532.0,12170046890.0,3203.0,1161.0,3204.0,992.0,79.0,2530880.0
2026-04-30 13:39:24.500000000,3203.0,381046.0,12186510330.0,3203.0,750.0,3204.0,804.0,514.0,16463440.0
2026-04-30 13:39:25.000000000,3204.0,381067.0,12187183140.0,3203.0,486.0,3204.0,1200.0,21.0,672810.0
2026-04-30 13:39:25.500000000,3203.0,381135.0,12189361770.0,3203.0,373.0,3204.0,1161.0,68.0,2178630.0
2026-04-30 13:39:26.000000000,3203.0,381585.0,12203775280.0,3202.0,1538.0,3203.0,104.0,450.0,14413510.0
2026-04-30 13:39:26.500000000,3203.0,381699.0,12207426610.0,3202.0,1435.0,3203.0,32.0,114.0,3651330.0
2026-04-30 13:39:27.000000000,3204.0,381747.0,12208964110.0,3203.0,2.0,3204.0,1120.0,48.0,1537500.0
2026-04-30 13:39:27.500000000,3203.0,381763.0,12209476720.0,3203.0,14.0,3204.0,1100.0,16.0,512610.0
2026-04-30 13:39:28.000000000,3203.0,381766.0,12209572810.0,3203.0,11.0,3204.0,1136.0,3.0,96090.0
2026-04-30 13:39:28.500000000,3203.0,381780.0,12210021230.0,3203.0,11.0,3204.0,1137.0,14.0,448420.0
2026-04-30 13:39:29.000000000,3203.0,381791.0,12210373560.0,3202.0,1439.0,3203.0,1.0,11.0,352330.0
2026-04-30 13:39:29.500000000,3202.0,381797.0,12210565720.0,3202.0,1437.0,3203.0,6.0,6.0,192160.0
2026-04-30 13:39:30.000000000,3203.0,381842.0,12212006680.0,3203.0,24.0,3204.0,1140.0,45.0,1440960.0
2026-04-30 13:39:30.500000000,3203.0,381843.0,12212038710.0,3203.0,25.0,3204.0,1137.0,1.0,32030.0
2026-04-30 13:39:31.000000000,3203.0,381868.0,12212839690.0,3203.0,23.0,3204.0,1114.0,25.0,800980.0
2026-04-30 13:39:31.500000000,3203.0,381869.0,12212871720.0,3203.0,23.0,3204.0,1115.0,1.0,32030.0
2026-04-30 13:39:32.000000000,3203.0,381871.0,12212935790.0,3203.0,31.0,3204.0,1114.0,2.0,64070.0
2026-04-30 13:39:32.500000000,3203.0,381889.0,12213512370.0,3203.0,17.0,3204.0,1110.0,18.0,576580.0
2026-04-30 13:39:33.000000000,3203.0,381890.0,12213544400.0,3203.0,16.0,3204.0,1110.0,1.0,32030.0
2026-04-30 13:39:33.500000000,3203.0,381896.0,12213736590.0,3203.0,12.0,3204.0,1109.0,6.0,192190.0
2026-04-30 13:39:34.000000000,3203.0,381897.0,12213768620.0,3203.0,12.0,3204.0,1110.0,1.0,32030.0
2026-04-30 13:39:34.500000000,3203.0,381898.0,12213800650.0,3203.0,11.0,3204.0,1115.0,1.0,32030.0
2026-04-30 13:39:35.000000000,3203.0,381914.0,12214313180.0,3202.0,1387.0,3203.0,34.0,16.0,512530.0
2026-04-30 13:39:35.500000000,3203.0,381930.0,12214825640.0,3202.0,1385.0,3203.0,32.0,16.0,512460.0
2026-04-30 13:39:36.000000000,3203.0,381976.0,12216298880.0,3203.0,24.0,3204.0,1115.0,46.0,1473240.0
2026-04-30 13:39:36.500000000,3204.0,381987.0,12216651310.0,3203.0,28.0,3204.0,1102.0,11.0,352430.0
2026-04-30 13:39:37.000000000,3203.0,381988.0,12216683340.0,3203.0,27.0,3204.0,1103.0,1.0,32030.0
2026-04-30 13:39:37.500000000,3203.0,381989.0,12216715370.0,3203.0,5.0,3204.0,1093.0,1.0,32030.0
2026-04-30 13:39:38.000000000,3204.0,381995.0,12216907600.0,3203.0,15.0,3204.0,1088.0,6.0,192230.0
2026-04-30 13:39:38.500000000,3203.0,381997.0,12216971660.0,3203.0,13.0,3204.0,1088.0,2.0,64060.0
2026-04-30 13:39:39.000000000,3203.0,381998.0,12217003690.0,3203.0,13.0,3204.0,1088.0,1.0,32030.0
2026-04-30 13:39:39.500000000,3204.0,382005.0,12217227960.0,3203.0,17.0,3204.0,1082.0,7.0,224270.0
2026-04-30 13:39:40.000000000,3203.0,382006.0,12217259990.0,3203.0,22.0,3204.0,1102.0,1.0,32030.0
2026-04-30 13:39:40.500000000,3203.0,382007.0,12217292020.0,3203.0,22.0,3204.0,1104.0,1.0,32030.0
2026-04-30 13:39:41.000000000,3203.0,382012.0,12217452170.0,3203.0,17.0,3204.0,1104.0,5.0,160150.0
2026-04-30 13:39:41.500000000,3203.0,382015.0,12217548260.0,3203.0,15.0,3204.0,1131.0,3.0,96090.0
2026-04-30 13:39:42.000000000,3203.0,382016.0,12217580290.0,3203.0,14.0,3204.0,1145.0,1.0,32030.0
2026-04-30 13:39:42.500000000,3203.0,382033.0,12218124800.0,3202.0,1371.0,3203.0,24.0,17.0,544510.0
2026-04-30 13:39:43.000000000,3203.0,382057.0,12218893520.0,3202.0,1371.0,3203.0,7.0,24.0,768720.0
2026-04-30 13:39:43.500000000,3203.0,382059.0,12218957580.0,3203.0,2.0,3204.0,1162.0,2.0,64060.0
2026-04-30 13:39:44.000000000,3203.0,382059.0,12218957580.0,3203.0,2.0,3204.0,1250.0,0.0,0.0
2026-04-30 13:39:44.500000000,3203.0,382092.0,12220014880.0,3202.0,1371.0,3203.0,1.0,33.0,1057300.0
2026-04-30 13:39:45.000000000,3203.0,382095.0,12220110970.0,3202.0,1371.0,3203.0,4.0,3.0,96090.0
2026-04-30 13:39:45.500000000,3203.0,382142.0,12221615960.0,3202.0,1329.0,3203.0,3.0,47.0,1504990.0
2026-04-30 13:39:46.000000000,3203.0,382154.0,12222000380.0,3203.0,2.0,3204.0,1217.0,12.0,384420.0
2026-04-30 13:39:46.500000000,3203.0,382157.0,12222096480.0,3202.0,1328.0,3203.0,9.0,3.0,96100.0
2026-04-30 13:39:47.000000000,3203.0,382174.0,12222640990.0,3203.0,37.0,3204.0,1216.0,17.0,544510.0
2026-04-30 13:39:47.500000000,3203.0,382177.0,12222737080.0,3203.0,34.0,3204.0,1213.0,3.0,96090.0
2026-04-30 13:39:48.000000000,3203.0,382193.0,12223249700.0,3203.0,40.0,3204.0,1203.0,16.0,512620.0
2026-04-30 13:39:48.500000000,3203.0,382194.0,12223281730.0,3203.0,30.0,3204.0,1203.0,1.0,32030.0
2026-04-30 13:39:49.000000000,3204.0,382198.0,12223409880.0,3203.0,29.0,3204.0,1200.0,4.0,128150.0
2026-04-30 13:39:49.500000000,3203.0,382213.0,12223890360.0,3203.0,20.0,3204.0,1201.0,15.0,480480.0
2026-04-30 13:39:50.000000000,3203.0,382215.0,12223954420.0,3203.0,19.0,3204.0,1202.0,2.0,64060.0
2026-04-30 13:39:50.500000000,3203.0,382233.0,12224531010.0,3203.0,12.0,3204.0,1198.0,18.0,576590.0
2026-04-30 13:39:51.000000000,3203.0,382234.0,12224563040.0,3203.0,11.0,3204.0,1199.0,1.0,32030.0
2026-04-30 13:39:51.500000000,3203.0,382235.0,12224595070.0,3203.0,14.0,3204.0,1202.0,1.0,32030.0
2026-04-30 13:39:52.000000000,3203.0,382241.0,12224787250.0,3203.0,13.0,3204.0,1204.0,6.0,192180.0
2026-04-30 13:39:52.500000000,3203.0,382242.0,12224819280.0,3203.0,12.0,3204.0,1206.0,1.0,32030.0
2026-04-30 13:39:53.000000000,3204.0,382248.0,12225011510.0,3203.0,12.0,3204.0,1201.0,6.0,192230.0
2026-04-30 13:39:53.500000000,3203.0,382258.0,12225331840.0,3203.0,8.0,3204.0,1198.0,10.0,320330.0
2026-04-30 13:39:54.000003072,3203.0,382259.0,12225363870.0,3203.0,8.0,3204.0,1198.0,1.0,32030.0
2026-04-30 13:39:54.500000000,3204.0,382261.0,12225427940.0,3203.0,37.0,3204.0,1252.0,2.0,64070.0
2026-04-30 13:39:55.000000000,3203.0,382267.0,12225620120.0,3203.0,31.0,3204.0,1264.0,6.0,192180.0
2026-04-30 13:39:55.500000000,3202.0,382319.0,12227285500.0,3203.0,30.0,3204.0,1157.0,52.0,1665380.0
2026-04-30 13:39:56.000000000,3204.0,382330.0,12227637930.0,3202.0,1315.0,3203.0,3.0,11.0,352430.0
2026-04-30 13:39:56.500000000,3202.0,382386.0,12229432000.0,3203.0,3.0,3204.0,1134.0,56.0,1794070.0
2026-04-30 13:39:57.000000000,3204.0,382443.0,12231257720.0,3203.0,73.0,3204.0,1113.0,57.0,1825720.0
2026-04-30 13:39:57.500000000,3204.0,382466.0,12231994630.0,3203.0,59.0,3204.0,1108.0,23.0,736910.0
2026-04-30 13:39:58.000000000,3203.0,382480.0,12232443170.0,3203.0,87.0,3204.0,1066.0,14.0,448540.0
2026-04-30 13:39:58.500000000,3204.0,382482.0,12232507240.0,3203.0,87.0,3204.0,1065.0,2.0,64070.0
2026-04-30 13:39:59.000000000,3203.0,382486.0,12232635360.0,3203.0,87.0,3204.0,1065.0,4.0,128120.0
2026-04-30 13:39:59.500000000,3203.0,382494.0,12232891660.0,3203.0,88.0,3204.0,1059.0,8.0,256300.0
2026-04-30 13:40:00.000000000,3204.0,382500.0,12233083890.0,3203.0,186.0,3204.0,1054.0,6.0,192230.0
2026-04-30 13:40:00.500000000,3204.0,382509.0,12233372240.0,3203.0,237.0,3204.0,1068.0,9.0,288350.0
2026-04-30 13:40:01.000000000,3203.0,382510.0,12233404270.0,3203.0,304.0,3204.0,1069.0,1.0,32030.0
2026-04-30 13:40:01.500000000,3204.0,382515.0,12233564450.0,3203.0,411.0,3204.0,1066.0,5.0,160180.0
2026-04-30 13:40:02.000000000,3203.0,382518.0,12233660540.0,3203.0,614.0,3204.0,1066.0,3.0,96090.0
2026-04-30 13:40:02.500000000,3203.0,382519.0,12233692570.0,3203.0,774.0,3204.0,1068.0,1.0,32030.0
2026-04-30 13:40:03.000000000,3204.0,382600.0,12236287800.0,3203.0,810.0,3204.0,962.0,81.0,2595230.0
2026-04-30 13:40:03.500000000,3204.0,382653.0,12237985900.0,3203.0,882.0,3204.0,818.0,53.0,1698100.0
2026-04-30 13:40:04.000000000,3203.0,382660.0,12238210170.0,3203.0,1078.0,3204.0,682.0,7.0,224270.0
2026-04-30 13:40:04.500000000,3204.0,382820.0,12243336560.0,3203.0,1093.0,3204.0,247.0,160.0,5126390.0
2026-04-30 13:40:05.000000000,3204.0,383088.0,12251923450.0,3204.0,325.0,3205.0,1375.0,268.0,8586890.0
2026-04-30 13:40:05.500000000,3204.0,383127.0,12253173350.0,3204.0,554.0,3205.0,1331.0,39.0,1249900.0
2026-04-30 13:40:06.000000000,3205.0,383225.0,12256314250.0,3204.0,539.0,3205.0,1205.0,98.0,3140900.0
2026-04-30 13:40:06.500000000,3204.0,383258.0,12257371740.0,3204.0,402.0,3205.0,1209.0,33.0,1057490.0
2026-04-30 13:40:07.000000000,3204.0,383421.0,12262594260.0,3204.0,128.0,3205.0,1249.0,163.0,5222520.0
2026-04-30 13:40:07.500000000,3205.0,383460.0,12263844130.0,3204.0,50.0,3205.0,1218.0,39.0,1249870.0
2026-04-30 13:40:08.000000000,3205.0,383460.0,12263844130.0,3204.0,171.0,3205.0,1218.0,0.0,0.0
2026-04-30 13:40:08.500000000,3204.0,383466.0,12264036420.0,3204.0,407.0,3205.0,1187.0,6.0,192290.0
2026-04-30 13:40:09.000000000,3205.0,383468.0,12264100510.0,3204.0,601.0,3205.0,1186.0,2.0,64090.0
2026-04-30 13:40:09.500000000,3205.0,383480.0,12264485100.0,3204.0,651.0,3205.0,1148.0,12.0,384590.0
2026-04-30 13:40:10.000000000,3204.0,383490.0,12264805560.0,3204.0,802.0,3205.0,1187.0,10.0,320460.0
2026-04-30 13:40:10.500000000,3204.0,383490.0,12264805560.0,3204.0,803.0,3205.0,1187.0,0.0,0.0
2026-04-30 13:40:11.000000000,3205.0,383501.0,12265158010.0,3204.0,808.0,3205.0,1192.0,11.0,352450.0
2026-04-30 13:40:11.500000000,3205.0,383502.0,12265190060.0,3204.0,811.0,3205.0,1193.0,1.0,32050.0
2026-04-30 13:40:12.000000000,3204.0,383504.0,12265254140.0,3204.0,811.0,3205.0,1191.0,2.0,64080.0
2026-04-30 13:40:12.500000000,3205.0,383509.0,12265414390.0,3204.0,811.0,3205.0,1187.0,5.0,160250.0
2026-04-30 13:40:13.000000000,3205.0,383519.0,12265734890.0,3204.0,847.0,3205.0,1020.0,10.0,320500.0
2026-04-30 13:40:13.500000000,3204.0,383522.0,12265831020.0,3204.0,939.0,3205.0,1023.0,3.0,96130.0
2026-04-30 13:40:14.000000000,3204.0,383524.0,12265895110.0,3204.0,1061.0,3205.0,997.0,2.0,64090.0
2026-04-30 13:40:14.500000000,3205.0,383537.0,12266311710.0,3204.0,1058.0,3205.0,999.0,13.0,416600.0
2026-04-30 13:40:15.000000000,3204.0,383538.0,12266343750.0,3204.0,976.0,3205.0,1004.0,1.0,32040.0
2026-04-30 13:40:15.500000000,3204.0,383538.0,12266343750.0,3204.0,980.0,3205.0,1004.0,0.0,0.0
2026-04-30 13:40:16.000000000,3204.0,383539.0,12266375790.0,3204.0,981.0,3205.0,1029.0,1.0,32040.0
2026-04-30 13:40:16.500000000,3204.0,383540.0,12266407830.0,3204.0,955.0,3205.0,1056.0,1.0,32040.0
2026-04-30 13:40:17.000000000,3204.0,383540.0,12266407830.0,3204.0,1043.0,3205.0,1035.0,0.0,0.0
2026-04-30 13:40:17.500000000,3205.0,383541.0,12266439880.0,3204.0,1049.0,3205.0,1035.0,1.0,32050.0
2026-04-30 13:40:18.000000000,3205.0,383541.0,12266439880.0,3204.0,1035.0,3205.0,1530.0,0.0,0.0
2026-04-30 13:40:18.500000000,3204.0,383559.0,12267016680.0,3204.0,809.0,3205.0,1684.0,18.0,576800.0
2026-04-30 13:40:19.000000000,3205.0,383579.0,12267657680.0,3204.0,730.0,3205.0,1694.0,20.0,641000.0
2026-04-30 13:40:19.500000000,3205.0,383590.0,12268010230.0,3204.0,703.0,3205.0,1685.0,11.0,352550.0
2026-04-30 13:40:20.000000000,3204.0,383597.0,12268234570.0,3204.0,701.0,3205.0,1681.0,7.0,224340.0
2026-04-30 13:40:20.500000000,3204.0,383606.0,12268522960.0,3204.0,681.0,3205.0,1683.0,9.0,288390.0
2026-04-30 13:40:21.000000000,3205.0,383622.0,12269035760.0,3204.0,683.0,3205.0,1680.0,16.0,512800.0
2026-04-30 13:40:21.500000000,3205.0,383625.0,12269131900.0,3204.0,686.0,3205.0,1693.0,3.0,96140.0
2026-04-30 13:40:22.000000000,3205.0,383650.0,12269933150.0,3204.0,637.0,3205.0,1670.0,25.0,801250.0
2026-04-30 13:40:22.500000000,3205.0,383652.0,12269997250.0,3204.0,637.0,3205.0,1669.0,2.0,64100.0
2026-04-30 13:40:23.000000000,3205.0,383670.0,12270574130.0,3204.0,636.0,3205.0,1688.0,18.0,576880.0
2026-04-30 13:40:23.500000000,3205.0,383671.0,12270606180.0,3204.0,654.0,3205.0,1693.0,1.0,32050.0
2026-04-30 13:40:24.000000000,3205.0,383677.0,12270798480.0,3204.0,653.0,3205.0,1691.0,6.0,192300.0
2026-04-30 13:40:24.500000000,3205.0,383700.0,12271535600.0,3204.0,658.0,3205.0,1682.0,23.0,737120.0
2026-04-30 13:40:25.000000000,3205.0,383725.0,12272336840.0,3204.0,657.0,3205.0,1658.0,25.0,801240.0
2026-04-30 13:40:25.500000000,3204.0,383727.0,12272400930.0,3204.0,659.0,3205.0,1657.0,2.0,64090.0
2026-04-30 13:40:26.000000000,3205.0,383761.0,12273490630.0,3204.0,659.0,3205.0,1624.0,34.0,1089700.0
2026-04-30 13:40:26.500000000,3204.0,383770.0,12273779070.0,3204.0,662.0,3205.0,1534.0,9.0,288440.0
2026-04-30 13:40:27.000000000,3205.0,383794.0,12274548260.0,3204.0,728.0,3205.0,1643.0,24.0,769190.0
2026-04-30 13:40:27.500000000,3205.0,383796.0,12274612360.0,3204.0,699.0,3205.0,1642.0,2.0,64100.0
2026-04-30 13:40:28.000000000,3204.0,383820.0,12275381550.0,3204.0,700.0,3205.0,1622.0,24.0,769190.0
2026-04-30 13:40:28.500000000,3204.0,383821.0,12275413590.0,3204.0,704.0,3205.0,1623.0,1.0,32040.0
2026-04-30 13:40:29.000000000,3205.0,383830.0,12275702020.0,3204.0,707.0,3205.0,1616.0,9.0,288430.0
2026-04-30 13:40:29.500000000,3204.0,383832.0,12275766100.0,3204.0,707.0,3205.0,1616.0,2.0,64080.0
2026-04-30 13:40:30.000000000,3204.0,383843.0,12276118600.0,3204.0,704.0,3205.0,1611.0,11.0,352500.0
2026-04-30 13:40:30.500000000,3204.0,383843.0,12276118600.0,3204.0,699.0,3205.0,1640.0,0.0,0.0
2026-04-30 13:40:31.000000000,3205.0,383848.0,12276278830.0,3204.0,698.0,3205.0,1648.0,5.0,160230.0
2026-04-30 13:40:31.500000000,3204.0,383849.0,12276310870.0,3204.0,697.0,3205.0,1648.0,1.0,32040.0
2026-04-30 13:40:32.000000000,3205.0,383870.0,12276983920.0,3204.0,682.0,3205.0,1627.0,21.0,673050.0
2026-04-30 13:40:32.500000000,3204.0,383881.0,12277336460.0,3204.0,683.0,3205.0,1617.0,11.0,352540.0
2026-04-30 13:40:33.000000000,3205.0,383895.0,12277785150.0,3204.0,683.0,3205.0,1607.0,14.0,448690.0
2026-04-30 13:40:33.500000000,3205.0,383919.0,12278554310.0,3204.0,867.0,3205.0,1587.0,24.0,769160.0
2026-04-30 13:40:34.000000000,3205.0,383940.0,12279227360.0,3204.0,868.0,3205.0,1425.0,21.0,673050.0
2026-04-30 13:40:34.500000000,3204.0,383947.0,12279451690.0,3204.0,867.0,3205.0,1393.0,7.0,224330.0
2026-04-30 13:40:35.000000000,3205.0,383985.0,12280669570.0,3204.0,865.0,3205.0,1358.0,38.0,1217880.0
2026-04-30 13:40:35.500000000,3204.0,384002.0,12281214300.0,3204.0,854.0,3205.0,1353.0,17.0,544730.0
2026-04-30 13:40:36.000000000,3205.0,384143.0,12285733340.0,3204.0,855.0,3205.0,1350.0,141.0,4519040.0
2026-04-30 13:40:36.500000000,3205.0,384170.0,12286598690.0,3204.0,879.0,3205.0,1327.0,27.0,865350.0
2026-04-30 13:40:37.000000000,3205.0,384174.0,12286726890.0,3204.0,879.0,3205.0,1323.0,4.0,128200.0
2026-04-30 13:40:37.500000000,3205.0,384177.0,12286823040.0,3204.0,864.0,3205.0,1320.0,3.0,96150.0
2026-04-30 13:40:38.000000000,3205.0,384182.0,12286983280.0,3204.0,864.0,3205.0,1318.0,5.0,160240.0
2026-04-30 13:40:38.500000000,3204.0,384183.0,12287015320.0,3204.0,863.0,3205.0,1319.0,1.0,32040.0
2026-04-30 13:40:39.000000000,3204.0,384197.0,12287464010.0,3204.0,868.0,3205.0,1306.0,14.0,448690.0
2026-04-30 13:40:39.500000000,3205.0,384208.0,12287816560.0,3204.0,869.0,3205.0,1305.0,11.0,352550.0
2026-04-30 13:40:40.000000000,3205.0,384213.0,12287976810.0,3204.0,870.0,3205.0,1301.0,5.0,160250.0
2026-04-30 13:40:40.500000000,3205.0,384218.0,12288137060.0,3204.0,868.0,3205.0,1297.0,5.0,160250.0
2026-04-30 13:40:41.000000000,3205.0,384224.0,12288329360.0,3204.0,889.0,3205.0,1291.0,6.0,192300.0
2026-04-30 13:40:41.500000000,3205.0,384269.0,12289771590.0,3204.0,887.0,3205.0,1249.0,45.0,1442230.0
2026-04-30 13:40:42.000000000,3204.0,384369.0,12292975590.0,3204.0,787.0,3205.0,1250.0,100.0,3204000.0
2026-04-30 13:40:42.500000000,3205.0,384392.0,12293712690.0,3204.0,426.0,3205.0,1292.0,23.0,737100.0
2026-04-30 13:40:43.000000000,3204.0,384395.0,12293808810.0,3204.0,227.0,3205.0,1316.0,3.0,96120.0
2026-04-30 13:40:43.500000000,3205.0,384424.0,12294738240.0,3204.0,203.0,3205.0,1293.0,29.0,929430.0
2026-04-30 13:40:44.000000000,3205.0,384424.0,12294738240.0,3204.0,203.0,3205.0,1293.0,0.0,0.0
2026-04-30 13:40:44.500000000,3205.0,384458.0,12295827940.0,3204.0,203.0,3205.0,1259.0,34.0,1089700.0
2026-04-30 13:40:45.000000000,3205.0,384467.0,12296116390.0,3204.0,203.0,3205.0,1256.0,9.0,288450.0
2026-04-30 13:40:45.500000000,3205.0,384481.0,12296565090.0,3204.0,204.0,3205.0,1242.0,14.0,448700.0
2026-04-30 13:40:46.000000000,3204.0,384491.0,12296885510.0,3204.0,200.0,3205.0,1240.0,10.0,320420.0
2026-04-30 13:40:46.500000000,3205.0,384515.0,12297654710.0,3204.0,200.0,3205.0,1219.0,24.0,769200.0
2026-04-30 13:40:47.000000000,3205.0,384531.0,12298167400.0,3204.0,190.0,3205.0,1295.0,16.0,512690.0
2026-04-30 13:40:47.500000000,3205.0,384560.0,12299096850.0,3204.0,192.0,3205.0,1278.0,29.0,929450.0
2026-04-30 13:40:48.000000000,3204.0,384561.0,12299128890.0,3204.0,189.0,3205.0,1368.0,1.0,32040.0
2026-04-30 13:40:48.500000000,3204.0,384561.0,12299128890.0,3204.0,194.0,3205.0,1368.0,0.0,0.0
2026-04-30 13:40:49.000000000,3205.0,384629.0,12301308290.0,3204.0,194.0,3205.0,1301.0,68.0,2179400.0
2026-04-30 13:40:49.500000000,3205.0,384634.0,12301468540.0,3204.0,192.0,3205.0,1210.0,5.0,160250.0
2026-04-30 13:40:50.000000000,3205.0,384646.0,12301853120.0,3204.0,191.0,3205.0,1200.0,12.0,384580.0
2026-04-30 13:40:50.500000000,3204.0,384647.0,12301885160.0,3204.0,190.0,3205.0,1226.0,1.0,32040.0
2026-04-30 13:40:51.000000000,3205.0,384697.0,12303487560.0,3204.0,181.0,3205.0,1196.0,50.0,1602400.0
2026-04-30 13:40:51.500000000,3205.0,384702.0,12303647810.0,3204.0,188.0,3205.0,1192.0,5.0,160250.0
2026-04-30 13:40:52.000000000,3205.0,384705.0,12303743960.0,3204.0,188.0,3205.0,1189.0,3.0,96150.0
2026-04-30 13:40:52.500000000,3205.0,384727.0,12304448860.0,3204.0,208.0,3205.0,1187.0,22.0,704900.0
2026-04-30 13:40:53.000000000,3205.0,384737.0,12304769340.0,3204.0,203.0,3205.0,1175.0,10.0,320480.0
2026-04-30 13:40:53.500000000,3205.0,384743.0,12304961640.0,3204.0,207.0,3205.0,1169.0,6.0,192300.0
2026-04-30 13:40:54.000000000,3205.0,384745.0,12305025740.0,3204.0,248.0,3205.0,1167.0,2.0,64100.0
2026-04-30 13:40:54.500000000,3205.0,384746.0,12305057790.0,3204.0,338.0,3205.0,1166.0,1.0,32050.0
2026-04-30 13:40:55.000000000,3205.0,384753.0,12305282140.0,3204.0,481.0,3205.0,1141.0,7.0,224350.0
2026-04-30 13:40:55.500000000,3204.0,384755.0,12305346220.0,3204.0,544.0,3205.0,1147.0,2.0,64080.0
2026-04-30 13:40:56.000000000,3205.0,384777.0,12306051320.0,3204.0,543.0,3205.0,1125.0,22.0,705100.0
2026-04-30 13:40:56.500000000,3205.0,384778.0,12306083370.0,3204.0,569.0,3205.0,1134.0,1.0,32050.0
2026-04-30 13:40:57.000000000,3205.0,384779.0,12306115420.0,3204.0,570.0,3205.0,1143.0,1.0,32050.0
2026-04-30 13:40:57.500000000,3205.0,384781.0,12306179510.0,3204.0,571.0,3205.0,1151.0,2.0,64090.0
2026-04-30 13:40:58.000000000,3205.0,384782.0,12306211560.0,3204.0,571.0,3205.0,1151.0,1.0,32050.0
2026-04-30 13:40:58.500000000,3205.0,384889.0,12309639880.0,3204.0,471.0,3205.0,1148.0,107.0,3428320.0
2026-04-30 13:40:59.000000000,3205.0,384904.0,12310120630.0,3204.0,452.0,3205.0,1148.0,15.0,480750.0
2026-04-30 13:40:59.500000000,3205.0,384909.0,12310280880.0,3204.0,492.0,3205.0,1128.0,5.0,160250.0
2026-04-30 13:41:00.000000000,3205.0,384910.0,12310312930.0,3204.0,488.0,3205.0,1158.0,1.0,32050.0
2026-04-30 13:41:00.500000000,3204.0,384911.0,12310344970.0,3204.0,492.0,3205.0,1173.0,1.0,32040.0
2026-04-30 13:41:01.000000000,3204.0,384911.0,12310344970.0,3204.0,496.0,3205.0,1173.0,0.0,0.0
2026-04-30 13:41:01.500000000,3204.0,384914.0,12310441100.0,3204.0,507.0,3205.0,1222.0,3.0,96130.0
2026-04-30 13:41:02.000000000,3204.0,384914.0,12310441100.0,3204.0,510.0,3205.0,1234.0,0.0,0.0
2026-04-30 13:41:02.500000000,3204.0,384925.0,12310793560.0,3204.0,504.0,3205.0,1231.0,11.0,352460.0
2026-04-30 13:41:03.000000000,3205.0,384932.0,12311017900.0,3204.0,518.0,3205.0,1229.0,7.0,224340.0
2026-04-30 13:41:03.500000000,3204.0,384933.0,12311049940.0,3204.0,522.0,3205.0,1229.0,1.0,32040.0
2026-04-30 13:41:04.000000000,3204.0,384933.0,12311049940.0,3204.0,497.0,3205.0,1230.0,0.0,0.0
2026-04-30 13:41:04.500000000,3205.0,384934.0,12311081990.0,3204.0,524.0,3205.0,1231.0,1.0,32050.0
2026-04-30 13:41:05.000000000,3204.0,384954.0,12311722790.0,3204.0,502.0,3205.0,1234.0,20.0,640800.0
2026-04-30 13:41:05.500000000,3204.0,384954.0,12311722790.0,3204.0,438.0,3205.0,1237.0,0.0,0.0
2026-04-30 13:41:06.000000000,3204.0,384958.0,12311850950.0,3204.0,365.0,3205.0,1237.0,4.0,128160.0
2026-04-30 13:41:06.500000000,3204.0,384967.0,12312139370.0,3204.0,313.0,3205.0,1231.0,9.0,288420.0
2026-04-30 13:41:07.000000000,3205.0,384974.0,12312363700.0,3204.0,304.0,3205.0,1226.0,7.0,224330.0
2026-04-30 13:41:07.500000000,3205.0,384981.0,12312588000.0,3204.0,299.0,3205.0,1224.0,7.0,224300.0
2026-04-30 13:41:08.000000000,3205.0,384983.0,12312652090.0,3204.0,300.0,3205.0,1223.0,2.0,64090.0
2026-04-30 13:41:08.500000000,3205.0,384988.0,12312812300.0,3204.0,253.0,3205.0,1222.0,5.0,160210.0
2026-04-30 13:41:09.000000000,3204.0,384990.0,12312876380.0,3204.0,208.0,3205.0,1230.0,2.0,64080.0
2026-04-30 13:41:09.500000000,3205.0,384994.0,12313004560.0,3204.0,142.0,3205.0,1356.0,4.0,128180.0
2026-04-30 13:41:10.000000000,3204.0,384998.0,12313132740.0,3204.0,108.0,3205.0,1358.0,4.0,128180.0
2026-04-30 13:41:10.500000000,3205.0,385021.0,12313869870.0,3204.0,105.0,3205.0,1336.0,23.0,737130.0
2026-04-30 13:41:11.000000000,3204.0,385024.0,12313966000.0,3204.0,133.0,3205.0,1208.0,3.0,96130.0
2026-04-30 13:41:11.500000000,3204.0,385027.0,12314062130.0,3204.0,131.0,3205.0,1190.0,3.0,96130.0
2026-04-30 13:41:12.000000000,3204.0,385035.0,12314318470.0,3204.0,130.0,3205.0,1187.0,8.0,256340.0
2026-04-30 13:41:12.500000000,3204.0,385040.0,12314478690.0,3204.0,128.0,3205.0,1187.0,5.0,160220.0
2026-04-30 13:41:13.000000000,3204.0,385042.0,12314542770.0,3204.0,127.0,3205.0,1186.0,2.0,64080.0
2026-04-30 13:41:13.500000000,3205.0,385047.0,12314703010.0,3204.0,127.0,3205.0,1182.0,5.0,160240.0
2026-04-30 13:41:14.000000000,3204.0,385051.0,12314831170.0,3204.0,124.0,3205.0,1182.0,4.0,128160.0
2026-04-30 13:41:14.500000000,3205.0,385054.0,12314927320.0,3204.0,119.0,3205.0,1180.0,3.0,96150.0
2026-04-30 13:41:15.000000000,3205.0,385060.0,12315119620.0,3204.0,119.0,3205.0,1180.0,6.0,192300.0
2026-04-30 13:41:15.500000000,3205.0,385071.0,12315472090.0,3204.0,111.0,3205.0,1177.0,11.0,352470.0
2026-04-30 13:41:16.000000000,3205.0,385082.0,12315824540.0,3204.0,101.0,3205.0,1180.0,11.0,352450.0
2026-04-30 13:41:16.500000000,3204.0,385095.0,12316241140.0,3204.0,222.0,3205.0,1172.0,13.0,416600.0
2026-04-30 13:41:17.000000000,3204.0,385101.0,12316433380.0,3204.0,355.0,3205.0,1172.0,6.0,192240.0
2026-04-30 13:41:17.500000000,3205.0,385117.0,12316946040.0,3204.0,361.0,3205.0,1173.0,16.0,512660.0
2026-04-30 13:41:18.000000000,3205.0,385117.0,12316946040.0,3204.0,333.0,3205.0,1174.0,0.0,0.0
2026-04-30 13:41:18.500000000,3205.0,385118.0,12316978090.0,3204.0,337.0,3205.0,1177.0,1.0,32050.0
2026-04-30 13:41:19.000000000,3205.0,385118.0,12316978090.0,3204.0,366.0,3205.0,1178.0,0.0,0.0
2026-04-30 13:41:20.000000000,3204.0,385121.0,12317074210.0,3204.0,363.0,3205.0,1178.0,3.0,96120.0
2026-04-30 13:41:20.500000000,3205.0,385130.0,12317362640.0,3204.0,360.0,3205.0,1172.0,9.0,288430.0
2026-04-30 13:41:21.000000000,3205.0,385130.0,12317362640.0,3204.0,362.0,3205.0,1172.0,0.0,0.0
2026-04-30 13:41:21.500000000,3204.0,385132.0,12317426720.0,3204.0,363.0,3205.0,1173.0,2.0,64080.0
2026-04-30 13:41:22.000000000,3205.0,385133.0,12317458770.0,3204.0,411.0,3205.0,1172.0,1.0,32050.0
2026-04-30 13:41:22.500000000,3204.0,385137.0,12317586960.0,3204.0,483.0,3205.0,1139.0,4.0,128190.0
2026-04-30 13:41:23.000000000,3205.0,385141.0,12317715160.0,3204.0,496.0,3205.0,1109.0,4.0,128200.0
2026-04-30 13:41:23.500000000,3205.0,385144.0,12317811310.0,3204.0,516.0,3205.0,1112.0,3.0,96150.0
2026-04-30 13:41:24.000000000,3205.0,385145.0,12317843360.0,3204.0,514.0,3205.0,1105.0,1.0,32050.0
2026-04-30 13:41:24.500000000,3205.0,385145.0,12317843360.0,3204.0,521.0,3205.0,1105.0,0.0,0.0
2026-04-30 13:41:25.000000000,3205.0,385149.0,12317971560.0,3204.0,517.0,3205.0,1104.0,4.0,128200.0
2026-04-30 13:41:25.500000000,3205.0,385152.0,12318067700.0,3204.0,516.0,3205.0,1100.0,3.0,96140.0
2026-04-30 13:41:26.000000000,3205.0,385153.0,12318099750.0,3204.0,516.0,3205.0,1112.0,1.0,32050.0
2026-04-30 13:41:26.500000000,3204.0,385154.0,12318131790.0,3204.0,524.0,3205.0,1112.0,1.0,32040.0
2026-04-30 13:41:27.000000000,3205.0,385157.0,12318227920.0,3204.0,521.0,3205.0,1112.0,3.0,96130.0
2026-04-30 13:41:27.500000000,3204.0,385160.0,12318324060.0,3204.0,524.0,3205.0,1123.0,3.0,96140.0
2026-04-30 13:41:28.000000000,3205.0,385161.0,12318356110.0,3204.0,526.0,3205.0,1152.0,1.0,32050.0
2026-04-30 13:41:28.500000000,3205.0,385164.0,12318452260.0,3204.0,526.0,3205.0,1149.0,3.0,96150.0
2026-04-30 13:41:29.000000000,3205.0,385165.0,12318484310.0,3204.0,524.0,3205.0,1169.0,1.0,32050.0
2026-04-30 13:41:29.500000000,3204.0,385167.0,12318548400.0,3204.0,530.0,3205.0,1183.0,2.0,64090.0
2026-04-30 13:41:30.000000000,3205.0,385217.0,12320150900.0,3204.0,529.0,3205.0,1134.0,50.0,1602500.0
2026-04-30 13:41:30.500000000,3205.0,385218.0,12320182950.0,3204.0,658.0,3205.0,1120.0,1.0,32050.0
2026-04-30 13:41:31.000000000,3205.0,385424.0,12326783200.0,3204.0,498.0,3205.0,1089.0,206.0,6600250.0
2026-04-30 13:41:31.500000000,3205.0,385451.0,12327648550.0,3204.0,420.0,3205.0,1108.0,27.0,865350.0
2026-04-30 13:41:32.000000000,3204.0,385453.0,12327712640.0,3204.0,382.0,3205.0,1108.0,2.0,64090.0
2026-04-30 13:41:32.500000000,3205.0,385457.0,12327840810.0,3204.0,379.0,3205.0,1107.0,4.0,128170.0
2026-04-30 13:41:33.000000000,3205.0,385457.0,12327840810.0,3204.0,389.0,3205.0,1107.0,0.0,0.0
2026-04-30 13:41:33.500000000,3205.0,385459.0,12327904910.0,3204.0,358.0,3205.0,1110.0,2.0,64100.0
2026-04-30 13:41:34.000000000,3204.0,385461.0,12327968990.0,3204.0,359.0,3205.0,1110.0,2.0,64080.0
2026-04-30 13:41:34.500000000,3204.0,385466.0,12328129190.0,3204.0,389.0,3205.0,1121.0,5.0,160200.0
2026-04-30 13:41:35.000000000,3205.0,385468.0,12328193290.0,3204.0,358.0,3205.0,1119.0,2.0,64100.0
2026-04-30 13:41:35.500000000,3204.0,385475.0,12328417620.0,3204.0,386.0,3205.0,1120.0,7.0,224330.0
2026-04-30 13:41:36.000000000,3204.0,385484.0,12328706040.0,3204.0,372.0,3205.0,1115.0,9.0,288420.0
2026-04-30 13:41:36.500000000,3205.0,385507.0,12329443180.0,3204.0,346.0,3205.0,1096.0,23.0,737140.0
2026-04-30 13:41:37.000000000,3205.0,385507.0,12329443180.0,3204.0,396.0,3205.0,1097.0,0.0,0.0
2026-04-30 13:41:37.500000000,3205.0,385507.0,12329443180.0,3204.0,451.0,3205.0,1089.0,0.0,0.0
2026-04-30 13:41:38.000000000,3205.0,385507.0,12329443180.0,3204.0,451.0,3205.0,1091.0,0.0,0.0
2026-04-30 13:41:38.500000000,3204.0,385517.0,12329763650.0,3204.0,428.0,3205.0,1084.0,10.0,320470.0
2026-04-30 13:41:39.000000000,3205.0,385522.0,12329923900.0,3204.0,428.0,3205.0,1081.0,5.0,160250.0
2026-04-30 13:41:39.500000000,3204.0,385529.0,12330148240.0,3204.0,483.0,3205.0,1075.0,7.0,224340.0
2026-04-30 13:41:40.000000000,3204.0,385530.0,12330180280.0,3204.0,552.0,3205.0,1046.0,1.0,32040.0
2026-04-30 13:41:40.500000000,3205.0,385531.0,12330212330.0,3204.0,586.0,3205.0,1046.0,1.0,32050.0
2026-04-30 13:41:41.000000000,3205.0,385541.0,12330532830.0,3204.0,586.0,3205.0,1036.0,10.0,320500.0
2026-04-30 13:41:41.500000000,3204.0,385546.0,12330693040.0,3204.0,554.0,3205.0,1043.0,5.0,160210.0
2026-04-30 13:41:42.000000000,3205.0,385562.0,12331205820.0,3204.0,552.0,3205.0,1058.0,16.0,512780.0
2026-04-30 13:41:42.500000000,3205.0,385566.0,12331334010.0,3204.0,561.0,3205.0,1054.0,4.0,128190.0
2026-04-30 13:41:43.000000000,3204.0,385586.0,12331974810.0,3204.0,546.0,3205.0,1053.0,20.0,640800.0
2026-04-30 13:41:43.500000000,3204.0,385586.0,12331974810.0,3204.0,548.0,3205.0,1063.0,0.0,0.0
2026-04-30 13:41:44.000000000,3204.0,385586.0,12331974810.0,3204.0,546.0,3205.0,1063.0,0.0,0.0
2026-04-30 13:41:44.500000000,3204.0,385586.0,12331974810.0,3204.0,547.0,3205.0,1072.0,0.0,0.0
2026-04-30 13:41:45.000000000,3205.0,385587.0,12332006860.0,3204.0,548.0,3205.0,1072.0,1.0,32050.0
2026-04-30 13:41:45.500000000,3204.0,385591.0,12332135050.0,3204.0,550.0,3205.0,1069.0,4.0,128190.0
2026-04-30 13:41:46.000000000,3204.0,385591.0,12332135050.0,3204.0,531.0,3205.0,1071.0,0.0,0.0
2026-04-30 13:41:46.500000000,3205.0,385594.0,12332231200.0,3204.0,551.0,3205.0,1068.0,3.0,96150.0
2026-04-30 13:41:47.000000000,3205.0,385594.0,12332231200.0,3204.0,551.0,3205.0,1068.0,0.0,0.0
2026-04-30 13:41:47.500000000,3205.0,385594.0,12332231200.0,3204.0,551.0,3205.0,1063.0,0.0,0.0
2026-04-30 13:41:48.000000000,3205.0,385594.0,12332231200.0,3204.0,551.0,3205.0,1064.0,0.0,0.0
2026-04-30 13:41:48.500000000,3204.0,385596.0,12332295290.0,3204.0,553.0,3205.0,1063.0,2.0,64090.0
2026-04-30 13:41:49.000000000,3204.0,385623.0,12333160370.0,3204.0,526.0,3205.0,1063.0,27.0,865080.0
2026-04-30 13:41:49.500000000,3204.0,385629.0,12333352640.0,3204.0,524.0,3205.0,1060.0,6.0,192270.0
2026-04-30 13:41:50.000000000,3205.0,385640.0,12333705180.0,3204.0,524.0,3205.0,1050.0,11.0,352540.0
2026-04-30 13:41:50.500000000,3204.0,385654.0,12334153750.0,3204.0,511.0,3205.0,1045.0,14.0,448570.0
2026-04-30 13:41:51.000000000,3204.0,385654.0,12334153750.0,3204.0,537.0,3205.0,1055.0,0.0,0.0
2026-04-30 13:41:51.500000000,3205.0,385655.0,12334185800.0,3204.0,540.0,3205.0,1045.0,1.0,32050.0
2026-04-30 13:41:52.000000000,3204.0,385660.0,12334346000.0,3204.0,517.0,3205.0,1045.0,5.0,160200.0
2026-04-30 13:41:52.500000000,3205.0,385668.0,12334602390.0,3204.0,519.0,3205.0,1045.0,8.0,256390.0
2026-04-30 13:41:53.000000000,3205.0,385668.0,12334602390.0,3204.0,517.0,3205.0,1042.0,0.0,0.0
2026-04-30 13:41:53.500000000,3204.0,385669.0,12334634430.0,3204.0,516.0,3205.0,1048.0,1.0,32040.0
2026-04-30 13:41:54.000000000,3204.0,385669.0,12334634430.0,3204.0,433.0,3205.0,1048.0,0.0,0.0
2026-04-30 13:41:54.500000000,3204.0,385670.0,12334666470.0,3204.0,413.0,3205.0,1055.0,1.0,32040.0
2026-04-30 13:41:55.000000000,3204.0,385690.0,12335307270.0,3204.0,342.0,3205.0,1055.0,20.0,640800.0
2026-04-30 13:41:55.500000000,3204.0,385690.0,12335307270.0,3204.0,344.0,3205.0,1060.0,0.0,0.0
2026-04-30 13:41:56.000000000,3204.0,385692.0,12335371360.0,3204.0,332.0,3205.0,1059.0,2.0,64090.0
2026-04-30 13:41:56.500000000,3205.0,385694.0,12335435460.0,3204.0,334.0,3205.0,1059.0,2.0,64100.0
2026-04-30 13:41:57.000000000,3204.0,385698.0,12335563620.0,3204.0,328.0,3205.0,1059.0,4.0,128160.0
2026-04-30 13:41:57.500000000,3205.0,385706.0,12335820020.0,3204.0,330.0,3205.0,1001.0,8.0,256400.0
2026-04-30 13:41:58.000000000,3205.0,385706.0,12335820020.0,3204.0,354.0,3205.0,1127.0,0.0,0.0
2026-04-30 13:41:58.500000000,3205.0,385706.0,12335820020.0,3204.0,355.0,3205.0,1137.0,0.0,0.0
2026-04-30 13:41:59.000000000,3205.0,385706.0,12335820020.0,3204.0,356.0,3205.0,1138.0,0.0,0.0
2026-04-30 13:41:59.500000000,3205.0,385707.0,12335852070.0,3204.0,355.0,3205.0,1158.0,1.0,32050.0
2026-04-30 13:42:00.000000000,3205.0,385709.0,12335916170.0,3204.0,357.0,3205.0,1156.0,2.0,64100.0
2026-04-30 13:42:00.500000000,3205.0,385710.0,12335948220.0,3204.0,356.0,3205.0,1156.0,1.0,32050.0
2026-04-30 13:42:01.000000000,3204.0,385732.0,12336653110.0,3204.0,336.0,3205.0,1158.0,22.0,704890.0
2026-04-30 13:42:01.500000000,3205.0,385737.0,12336813360.0,3204.0,190.0,3205.0,1154.0,5.0,160250.0
2026-04-30 13:42:02.000000000,3204.0,385742.0,12336973580.0,3204.0,85.0,3205.0,1187.0,5.0,160220.0
2026-04-30 13:42:02.500000000,3205.0,385743.0,12337005630.0,3204.0,92.0,3205.0,1186.0,1.0,32050.0
2026-04-30 13:42:03.000000000,3205.0,385743.0,12337005630.0,3204.0,97.0,3205.0,1186.0,0.0,0.0
2026-04-30 13:42:03.500000000,3204.0,385746.0,12337101770.0,3204.0,101.0,3205.0,1305.0,3.0,96140.0
2026-04-30 13:42:04.000000000,3205.0,385747.0,12337133820.0,3204.0,104.0,3205.0,1310.0,1.0,32050.0
2026-04-30 13:42:04.500000000,3205.0,385747.0,12337133820.0,3204.0,103.0,3205.0,1310.0,0.0,0.0
2026-04-30 13:42:05.000000000,3205.0,385747.0,12337133820.0,3204.0,103.0,3205.0,1310.0,0.0,0.0
2026-04-30 13:42:05.500000000,3205.0,385757.0,12337454320.0,3204.0,103.0,3205.0,1300.0,10.0,320500.0
2026-04-30 13:42:06.000000000,3204.0,385760.0,12337550440.0,3204.0,100.0,3205.0,1180.0,3.0,96120.0
2026-04-30 13:42:06.500000000,3205.0,385793.0,12338607780.0,3204.0,74.0,3205.0,1177.0,33.0,1057340.0
2026-04-30 13:42:07.000000000,3205.0,385793.0,12338607780.0,3204.0,74.0,3205.0,1287.0,0.0,0.0
2026-04-30 13:42:07.500000000,3205.0,385794.0,12338639830.0,3204.0,76.0,3205.0,1291.0,1.0,32050.0
2026-04-30 13:42:08.000000000,3205.0,385796.0,12338703930.0,3204.0,80.0,3205.0,1292.0,2.0,64100.0
2026-04-30 13:42:08.500000000,3205.0,385804.0,12338960330.0,3204.0,79.0,3205.0,1285.0,8.0,256400.0
2026-04-30 13:42:09.000000000,3205.0,385804.0,12338960330.0,3204.0,81.0,3205.0,1285.0,0.0,0.0
2026-04-30 13:42:09.500000000,3205.0,385804.0,12338960330.0,3204.0,83.0,3205.0,1297.0,0.0,0.0
2026-04-30 13:42:10.000000000,3205.0,385807.0,12339056480.0,3204.0,84.0,3205.0,1294.0,3.0,96150.0
2026-04-30 13:42:10.500000000,3204.0,385809.0,12339120570.0,3204.0,89.0,3205.0,1178.0,2.0,64090.0
2026-04-30 13:42:11.000000000,3204.0,385816.0,12339344850.0,3204.0,82.0,3205.0,1093.0,7.0,224280.0
2026-04-30 13:42:11.500000000,3205.0,385886.0,12341588350.0,3204.0,112.0,3205.0,1006.0,70.0,2243500.0
2026-04-30 13:42:12.000000000,3205.0,385896.0,12341908850.0,3204.0,175.0,3205.0,999.0,10.0,320500.0
2026-04-30 13:42:12.500000000,3204.0,385904.0,12342165170.0,3204.0,173.0,3205.0,1000.0,8.0,256320.0
2026-04-30 13:42:13.000000000,3204.0,385905.0,12342197210.0,3204.0,171.0,3205.0,1001.0,1.0,32040.0
2026-04-30 13:42:13.500000000,3205.0,385915.0,12342517710.0,3204.0,171.0,3205.0,992.0,10.0,320500.0
2026-04-30 13:42:14.000000000,3205.0,385920.0,12342677960.0,3204.0,172.0,3205.0,987.0,5.0,160250.0
2026-04-30 13:42:14.500000000,3205.0,385921.0,12342710010.0,3204.0,173.0,3205.0,1028.0,1.0,32050.0
2026-04-30 13:42:15.000000000,3204.0,385930.0,12342998390.0,3204.0,184.0,3205.0,1027.0,9.0,288380.0
2026-04-30 13:42:15.500000000,3205.0,385932.0,12343062490.0,3204.0,186.0,3205.0,1025.0,2.0,64100.0
2026-04-30 13:42:16.000000000,3205.0,385933.0,12343094540.0,3204.0,238.0,3205.0,1024.0,1.0,32050.0
2026-04-30 13:42:16.500000000,3205.0,385933.0,12343094540.0,3204.0,197.0,3205.0,1028.0,0.0,0.0
2026-04-30 13:42:17.000000000,3205.0,385933.0,12343094540.0,3204.0,192.0,3205.0,1043.0,0.0,0.0
2026-04-30 13:42:17.500000000,3205.0,385933.0,12343094540.0,3204.0,194.0,3205.0,1048.0,0.0,0.0
2026-04-30 13:42:18.000000000,3205.0,385933.0,12343094540.0,3204.0,194.0,3205.0,1048.0,0.0,0.0
2026-04-30 13:42:18.500000000,3205.0,385934.0,12343126590.0,3204.0,197.0,3205.0,1049.0,1.0,32050.0
2026-04-30 13:42:19.000000000,3204.0,385935.0,12343158630.0,3204.0,163.0,3205.0,1049.0,1.0,32040.0
2026-04-30 13:42:19.500000000,3205.0,385943.0,12343414980.0,3204.0,163.0,3205.0,1047.0,8.0,256350.0
2026-04-30 13:42:20.000000000,3205.0,385943.0,12343414980.0,3204.0,161.0,3205.0,1047.0,0.0,0.0
2026-04-30 13:42:20.500000000,3205.0,385944.0,12343447030.0,3204.0,161.0,3205.0,1046.0,1.0,32050.0
2026-04-30 13:42:21.000000000,3205.0,385946.0,12343511130.0,3204.0,162.0,3205.0,1045.0,2.0,64100.0
2026-04-30 13:42:21.500000000,3204.0,385957.0,12343863580.0,3204.0,155.0,3205.0,1045.0,11.0,352450.0
2026-04-30 13:42:22.000000000,3204.0,385959.0,12343927660.0,3204.0,153.0,3205.0,1160.0,2.0,64080.0
2026-04-30 13:42:22.500000000,3205.0,385960.0,12343959710.0,3204.0,118.0,3205.0,1179.0,1.0,32050.0
2026-04-30 13:42:23.000000000,3204.0,385976.0,12344472350.0,3204.0,111.0,3205.0,1179.0,16.0,512640.0
2026-04-30 13:42:23.500000000,3205.0,385981.0,12344632600.0,3204.0,111.0,3205.0,1174.0,5.0,160250.0
2026-04-30 13:42:24.000000000,3205.0,385985.0,12344760800.0,3204.0,111.0,3205.0,1170.0,4.0,128200.0
2026-04-30 13:42:24.500000000,3205.0,385985.0,12344760800.0,3204.0,111.0,3205.0,1176.0,0.0,0.0
2026-04-30 13:42:25.000000000,3205.0,385985.0,12344760800.0,3204.0,111.0,3205.0,1171.0,0.0,0.0
2026-04-30 13:42:25.500000000,3204.0,385986.0,12344792840.0,3204.0,110.0,3205.0,1171.0,1.0,32040.0
2026-04-30 13:42:26.000000000,3205.0,385989.0,12344888980.0,3204.0,109.0,3205.0,1169.0,3.0,96140.0
2026-04-30 13:42:26.500000000,3205.0,385992.0,12344985130.0,3204.0,109.0,3205.0,1166.0,3.0,96150.0
2026-04-30 13:42:27.000000000,3205.0,385992.0,12344985130.0,3204.0,109.0,3205.0,1174.0,0.0,0.0
2026-04-30 13:42:27.500000000,3205.0,385992.0,12344985130.0,3204.0,109.0,3205.0,1175.0,0.0,0.0
2026-04-30 13:42:28.000000000,3205.0,385994.0,12345049230.0,3204.0,169.0,3205.0,1060.0,2.0,64100.0
2026-04-30 13:42:28.500000000,3205.0,386002.0,12345305630.0,3204.0,211.0,3205.0,1052.0,8.0,256400.0
2026-04-30 13:42:29.000000000,3205.0,386006.0,12345433800.0,3204.0,218.0,3205.0,1053.0,4.0,128170.0
2026-04-30 13:42:29.500000000,3204.0,386013.0,12345658080.0,3204.0,200.0,3205.0,1055.0,7.0,224280.0
2026-04-30 13:42:30.000000000,3204.0,386013.0,12345658080.0,3204.0,203.0,3205.0,1056.0,0.0,0.0
2026-04-30 13:42:30.500000000,3205.0,386014.0,12345690130.0,3204.0,201.0,3205.0,1055.0,1.0,32050.0
2026-04-30 13:42:31.000000000,3204.0,386017.0,12345786250.0,3204.0,199.0,3205.0,1061.0,3.0,96120.0
2026-04-30 13:42:31.500000000,3204.0,386017.0,12345786250.0,3204.0,193.0,3205.0,1074.0,0.0,0.0
2026-04-30 13:42:32.000000000,3205.0,386032.0,12346266920.0,3204.0,197.0,3205.0,1067.0,15.0,480670.0
2026-04-30 13:42:32.500000000,3205.0,386033.0,12346298970.0,3204.0,188.0,3205.0,1067.0,1.0,32050.0
2026-04-30 13:42:33.000000000,3204.0,386042.0,12346587410.0,3204.0,229.0,3205.0,1068.0,9.0,288440.0
2026-04-30 13:42:33.500000000,3205.0,386055.0,12347004060.0,3204.0,410.0,3205.0,1070.0,13.0,416650.0
2026-04-30 13:42:34.000000000,3204.0,386555.0,12363024060.0,3204.0,170.0,3205.0,1060.0,500.0,16020000.0
2026-04-30 13:42:34.500000000,3205.0,386604.0,12364594510.0,3204.0,60.0,3205.0,1021.0,49.0,1570450.0
2026-04-30 13:42:35.000000000,3205.0,386604.0,12364594510.0,3204.0,60.0,3205.0,1021.0,0.0,0.0
2026-04-30 13:42:35.500000000,3205.0,386614.0,12364915000.0,3204.0,59.0,3205.0,1003.0,10.0,320490.0
2026-04-30 13:42:36.000000000,3204.0,386620.0,12365107240.0,3204.0,54.0,3205.0,1000.0,6.0,192240.0
2026-04-30 13:42:36.500000000,3204.0,386620.0,12365107240.0,3204.0,74.0,3205.0,997.0,0.0,0.0
2026-04-30 13:42:37.000000000,3204.0,386620.0,12365107240.0,3204.0,183.0,3205.0,997.0,0.0,0.0
2026-04-30 13:42:37.500000000,3204.0,386620.0,12365107240.0,3204.0,190.0,3205.0,997.0,0.0,0.0
2026-04-30 13:42:38.000000000,3204.0,386621.0,12365139280.0,3204.0,206.0,3205.0,997.0,1.0,32040.0
2026-04-30 13:42:38.500000000,3205.0,386622.0,12365171330.0,3204.0,265.0,3205.0,970.0,1.0,32050.0
2026-04-30 13:42:39.000000000,3205.0,386622.0,12365171330.0,3204.0,486.0,3205.0,971.0,0.0,0.0
2026-04-30 13:42:39.500000000,3205.0,386622.0,12365171330.0,3204.0,554.0,3205.0,981.0,0.0,0.0
2026-04-30 13:42:40.000000000,3204.0,386627.0,12365331530.0,3204.0,551.0,3205.0,982.0,5.0,160200.0
2026-04-30 13:42:40.500000000,3204.0,386635.0,12365587910.0,3204.0,556.0,3205.0,976.0,8.0,256380.0
2026-04-30 13:42:41.000000000,3204.0,386635.0,12365587910.0,3204.0,557.0,3205.0,942.0,0.0,0.0
2026-04-30 13:42:41.500000000,3204.0,386640.0,12365748110.0,3204.0,552.0,3205.0,942.0,5.0,160200.0
2026-04-30 13:42:42.000000000,3204.0,386643.0,12365844230.0,3204.0,550.0,3205.0,942.0,3.0,96120.0
2026-04-30 13:42:42.500000000,3204.0,386643.0,12365844230.0,3204.0,521.0,3205.0,942.0,0.0,0.0
2026-04-30 13:42:43.000000000,3204.0,386643.0,12365844230.0,3204.0,523.0,3205.0,947.0,0.0,0.0
2026-04-30 13:42:43.500000000,3205.0,386644.0,12365876280.0,3204.0,524.0,3205.0,946.0,1.0,32050.0
2026-04-30 13:42:44.000000000,3204.0,386747.0,12369176400.0,3204.0,422.0,3205.0,946.0,103.0,3300120.0
2026-04-30 13:42:44.500000000,3205.0,386767.0,12369817400.0,3204.0,387.0,3205.0,966.0,20.0,641000.0
2026-04-30 13:42:45.000000000,3205.0,386768.0,12369849450.0,3204.0,465.0,3205.0,965.0,1.0,32050.0
2026-04-30 13:42:45.500000000,3204.0,386769.0,12369881490.0,3204.0,518.0,3205.0,982.0,1.0,32040.0
2026-04-30 13:42:46.000000000,3204.0,386769.0,12369881490.0,3204.0,468.0,3205.0,999.0,0.0,0.0
2026-04-30 13:42:46.500000000,3204.0,386769.0,12369881490.0,3204.0,469.0,3205.0,1000.0,0.0,0.0
2026-04-30 13:42:47.000000000,3204.0,386779.0,12370201890.0,3204.0,459.0,3205.0,1001.0,10.0,320400.0
2026-04-30 13:42:47.500000000,3205.0,386781.0,12370265980.0,3204.0,419.0,3205.0,1000.0,2.0,64090.0
2026-04-30 13:42:48.000000000,3205.0,386782.0,12370298030.0,3204.0,380.0,3205.0,999.0,1.0,32050.0
2026-04-30 13:42:48.500000000,3204.0,386783.0,12370330070.0,3204.0,382.0,3205.0,999.0,1.0,32040.0
2026-04-30 13:42:49.000000000,3204.0,386783.0,12370330070.0,3204.0,382.0,3205.0,999.0,0.0,0.0
2026-04-30 13:42:49.500000000,3205.0,386785.0,12370394170.0,3204.0,383.0,3205.0,997.0,2.0,64100.0
2026-04-30 13:42:50.000000000,3204.0,386787.0,12370458260.0,3204.0,383.0,3205.0,996.0,2.0,64090.0
2026-04-30 13:42:50.500000000,3204.0,386787.0,12370458260.0,3204.0,389.0,3205.0,1056.0,0.0,0.0
2026-04-30 13:42:51.000000000,3205.0,386790.0,12370554410.0,3204.0,390.0,3205.0,1073.0,3.0,96150.0
2026-04-30 13:42:51.500000000,3204.0,386791.0,12370586450.0,3204.0,389.0,3205.0,1073.0,1.0,32040.0
2026-04-30 13:42:52.000000000,3204.0,386791.0,12370586450.0,3204.0,350.0,3205.0,1072.0,0.0,0.0
2026-04-30 13:42:52.500000000,3204.0,386798.0,12370810770.0,3204.0,348.0,3205.0,1064.0,7.0,224320.0
2026-04-30 13:42:53.000000000,3204.0,386798.0,12370810770.0,3204.0,355.0,3205.0,1070.0,0.0,0.0
2026-04-30 13:42:53.500000000,3204.0,386799.0,12370842810.0,3204.0,356.0,3205.0,1071.0,1.0,32040.0
2026-04-30 13:42:54.000000000,3204.0,386799.0,12370842810.0,3204.0,354.0,3205.0,1071.0,0.0,0.0
2026-04-30 13:42:54.500000000,3204.0,386891.0,12373791300.0,3204.0,379.0,3205.0,999.0,92.0,2948490.0
2026-04-30 13:42:55.000000000,3204.0,386905.0,12374239910.0,3204.0,445.0,3205.0,994.0,14.0,448610.0
2026-04-30 13:42:55.500000000,3205.0,386913.0,12374496280.0,3204.0,379.0,3205.0,989.0,8.0,256370.0
2026-04-30 13:42:56.000000000,3204.0,386923.0,12374816680.0,3204.0,357.0,3205.0,989.0,10.0,320400.0
2026-04-30 13:42:56.500000000,3205.0,386924.0,12374848730.0,3204.0,357.0,3205.0,988.0,1.0,32050.0
2026-04-30 13:42:57.000000000,3205.0,386928.0,12374976920.0,3204.0,356.0,3205.0,986.0,4.0,128190.0
2026-04-30 13:42:57.500000000,3205.0,386928.0,12374976920.0,3204.0,359.0,3205.0,986.0,0.0,0.0
2026-04-30 13:42:58.000000000,3204.0,386929.0,12375008960.0,3204.0,362.0,3205.0,987.0,1.0,32040.0
2026-04-30 13:42:58.500000000,3204.0,386939.0,12375329360.0,3204.0,354.0,3205.0,988.0,10.0,320400.0
2026-04-30 13:42:59.000000000,3204.0,386945.0,12375521650.0,3204.0,354.0,3205.0,984.0,6.0,192290.0
2026-04-30 13:42:59.500000000,3204.0,386945.0,12375521650.0,3204.0,371.0,3205.0,1014.0,0.0,0.0
2026-04-30 13:43:00.000000000,3205.0,386948.0,12375617790.0,3204.0,371.0,3205.0,1002.0,3.0,96140.0
2026-04-30 13:43:00.500000000,3205.0,386954.0,12375810090.0,3204.0,387.0,3205.0,996.0,6.0,192300.0
2026-04-30 13:43:01.000000000,3205.0,386964.0,12376130590.0,3204.0,387.0,3205.0,1036.0,10.0,320500.0
2026-04-30 13:43:01.500000000,3205.0,386970.0,12376322880.0,3204.0,387.0,3205.0,1034.0,6.0,192290.0
2026-04-30 13:43:02.000000000,3204.0,386990.0,12376963680.0,3204.0,369.0,3205.0,1039.0,20.0,640800.0
2026-04-30 13:43:02.500000000,3205.0,387007.0,12377508530.0,3204.0,383.0,3205.0,1022.0,17.0,544850.0
2026-04-30 13:43:03.000000000,3205.0,387007.0,12377508530.0,3204.0,514.0,3205.0,1022.0,0.0,0.0
2026-04-30 13:43:03.500000000,3205.0,387013.0,12377700780.0,3204.0,596.0,3205.0,1022.0,6.0,192250.0
2026-04-30 13:43:04.000000000,3204.0,387014.0,12377732820.0,3204.0,563.0,3205.0,1022.0,1.0,32040.0
2026-04-30 13:43:04.500000000,3205.0,387015.0,12377764870.0,3204.0,570.0,3205.0,1021.0,1.0,32050.0
2026-04-30 13:43:05.000000000,3205.0,387015.0,12377764870.0,3204.0,614.0,3205.0,1031.0,0.0,0.0
2026-04-30 13:43:05.500000000,3204.0,387016.0,12377796910.0,3204.0,599.0,3205.0,1031.0,1.0,32040.0
2026-04-30 13:43:06.000000000,3204.0,387022.0,12377989150.0,3204.0,574.0,3205.0,1031.0,6.0,192240.0
2026-04-30 13:43:06.500000000,3205.0,387023.0,12378021200.0,3204.0,596.0,3205.0,1030.0,1.0,32050.0
2026-04-30 13:43:07.000000000,3205.0,387028.0,12378181450.0,3204.0,630.0,3205.0,1025.0,5.0,160250.0
2026-04-30 13:43:07.500000000,3205.0,387029.0,12378213500.0,3204.0,635.0,3205.0,1024.0,1.0,32050.0
2026-04-30 13:43:08.000000000,3205.0,387029.0,12378213500.0,3204.0,636.0,3205.0,1024.0,0.0,0.0
2026-04-30 13:43:08.500000000,3205.0,387029.0,12378213500.0,3204.0,643.0,3205.0,1024.0,0.0,0.0
2026-04-30 13:43:09.000000000,3205.0,387029.0,12378213500.0,3204.0,646.0,3205.0,1024.0,0.0,0.0
2026-04-30 13:43:09.500000000,3205.0,387030.0,12378245550.0,3204.0,626.0,3205.0,1036.0,1.0,32050.0
2026-04-30 13:43:10.000000000,3205.0,387030.0,12378245550.0,3204.0,626.0,3205.0,1039.0,0.0,0.0
2026-04-30 13:43:10.500000000,3205.0,387035.0,12378405800.0,3204.0,627.0,3205.0,1030.0,5.0,160250.0
2026-04-30 13:43:11.000000000,3204.0,387036.0,12378437840.0,3204.0,627.0,3205.0,1044.0,1.0,32040.0
2026-04-30 13:43:11.500000000,3205.0,387046.0,12378758330.0,3204.0,626.0,3205.0,1041.0,10.0,320490.0
2026-04-30 13:43:12.000000000,3204.0,387054.0,12379014660.0,3204.0,619.0,3205.0,1042.0,8.0,256330.0
2026-04-30 13:43:12.500000000,3204.0,387055.0,12379046700.0,3204.0,618.0,3205.0,1043.0,1.0,32040.0
2026-04-30 13:43:13.000000000,3204.0,387059.0,12379174860.0,3204.0,614.0,3205.0,1043.0,4.0,128160.0
2026-04-30 13:43:13.500000000,3204.0,387060.0,12379206900.0,3204.0,613.0,3205.0,1043.0,1.0,32040.0
2026-04-30 13:43:14.000000000,3204.0,387060.0,12379206900.0,3204.0,619.0,3205.0,1043.0,0.0,0.0
2026-04-30 13:43:14.500000000,3204.0,387065.0,12379367110.0,3204.0,615.0,3205.0,1042.0,5.0,160210.0
2026-04-30 13:43:15.000000000,3204.0,387065.0,12379367110.0,3204.0,615.0,3205.0,1044.0,0.0,0.0
2026-04-30 13:43:15.500000000,3204.0,387071.0,12379559370.0,3204.0,612.0,3205.0,1050.0,6.0,192260.0
2026-04-30 13:43:16.000000000,3205.0,387086.0,12380040120.0,3204.0,616.0,3205.0,1035.0,15.0,480750.0
2026-04-30 13:43:16.500000000,3205.0,387091.0,12380200370.0,3204.0,614.0,3205.0,1043.0,5.0,160250.0
2026-04-30 13:43:17.000000000,3204.0,387101.0,12380520850.0,3204.0,613.0,3205.0,1035.0,10.0,320480.0
2026-04-30 13:43:17.500000000,3205.0,387102.0,12380552900.0,3204.0,614.0,3205.0,1035.0,1.0,32050.0
2026-04-30 13:43:18.000000000,3205.0,387102.0,12380552900.0,3204.0,620.0,3205.0,1038.0,0.0,0.0
2026-04-30 13:43:18.500000000,3204.0,387104.0,12380616990.0,3204.0,618.0,3205.0,1037.0,2.0,64090.0
2026-04-30 13:43:19.000000000,3204.0,387114.0,12380937390.0,3204.0,618.0,3205.0,1038.0,10.0,320400.0
2026-04-30 13:43:19.500000000,3204.0,387116.0,12381001480.0,3204.0,610.0,3205.0,1037.0,2.0,64090.0
2026-04-30 13:43:20.000000000,3204.0,387116.0,12381001480.0,3204.0,630.0,3205.0,1036.0,0.0,0.0
2026-04-30 13:43:20.500000000,3205.0,387119.0,12381097630.0,3204.0,640.0,3205.0,1033.0,3.0,96150.0
2026-04-30 13:43:21.000000000,3204.0,387120.0,12381129670.0,3204.0,644.0,3205.0,1033.0,1.0,32040.0
2026-04-30 13:43:21.500000000,3205.0,387124.0,12381257870.0,3204.0,650.0,3205.0,1031.0,4.0,128200.0
2026-04-30 13:43:22.000000000,3205.0,387124.0,12381257870.0,3204.0,692.0,3205.0,1031.0,0.0,0.0
2026-04-30 13:43:22.500000000,3205.0,387129.0,12381418120.0,3204.0,694.0,3205.0,1028.0,5.0,160250.0
2026-04-30 13:43:23.000000000,3205.0,387132.0,12381514260.0,3204.0,693.0,3205.0,1027.0,3.0,96140.0
2026-04-30 13:43:23.500000000,3205.0,387138.0,12381706560.0,3204.0,713.0,3205.0,1021.0,6.0,192300.0
2026-04-30 13:43:24.000000000,3205.0,387138.0,12381706560.0,3204.0,714.0,3205.0,1021.0,0.0,0.0
2026-04-30 13:43:24.500000000,3205.0,387145.0,12381930910.0,3204.0,717.0,3205.0,994.0,7.0,224350.0
2026-04-30 13:43:25.000000000,3204.0,387165.0,12382571710.0,3204.0,704.0,3205.0,997.0,20.0,640800.0
2026-04-30 13:43:25.500000000,3205.0,387177.0,12382956310.0,3204.0,698.0,3205.0,984.0,12.0,384600.0
2026-04-30 13:43:26.000000000,3204.0,387188.0,12383308840.0,3204.0,696.0,3205.0,964.0,11.0,352530.0
2026-04-30 13:43:26.500000000,3205.0,387189.0,12383340890.0,3204.0,698.0,3205.0,964.0,1.0,32050.0
2026-04-30 13:43:27.000000000,3205.0,387193.0,12383469090.0,3204.0,698.0,3205.0,958.0,4.0,128200.0
2026-04-30 13:43:27.500000000,3204.0,387200.0,12383693420.0,3204.0,697.0,3205.0,954.0,7.0,224330.0
2026-04-30 13:43:28.000000000,3204.0,387200.0,12383693420.0,3204.0,699.0,3205.0,955.0,0.0,0.0
2026-04-30 13:43:28.500000000,3204.0,387200.0,12383693420.0,3204.0,699.0,3205.0,955.0,0.0,0.0
2026-04-30 13:43:29.000000000,3204.0,387201.0,12383725460.0,3204.0,699.0,3205.0,957.0,1.0,32040.0
2026-04-30 13:43:29.500000000,3205.0,387203.0,12383789560.0,3204.0,700.0,3205.0,954.0,2.0,64100.0
2026-04-30 13:43:30.000000000,3204.0,387209.0,12383981850.0,3204.0,703.0,3205.0,953.0,6.0,192290.0
2026-04-30 13:43:30.500000000,3205.0,387232.0,12384719000.0,3204.0,689.0,3205.0,931.0,23.0,737150.0
2026-04-30 13:43:31.000000000,3205.0,387232.0,12384719000.0,3204.0,700.0,3205.0,930.0,0.0,0.0
2026-04-30 13:43:31.500000000,3205.0,387251.0,12385327950.0,3204.0,721.0,3205.0,892.0,19.0,608950.0
2026-04-30 13:43:32.000000000,3205.0,387251.0,12385327950.0,3204.0,842.0,3205.0,719.0,0.0,0.0
2026-04-30 13:43:32.500000000,3204.0,387255.0,12385456130.0,3204.0,1001.0,3205.0,696.0,4.0,128180.0
2026-04-30 13:43:33.000000000,3204.0,387496.0,12393180170.0,3204.0,926.0,3205.0,475.0,241.0,7724040.0
2026-04-30 13:43:33.500000000,3205.0,387526.0,12394141670.0,3204.0,1017.0,3205.0,406.0,30.0,961500.0
2026-04-30 13:43:34.000000000,3204.0,387938.0,12407346230.0,3205.0,3.0,3206.0,1436.0,412.0,13204560.0
2026-04-30 13:43:34.500000000,3205.0,388006.0,12409526250.0,3205.0,53.0,3206.0,1656.0,68.0,2180020.0
2026-04-30 13:43:35.000000000,3206.0,388023.0,12410071260.0,3205.0,58.0,3206.0,1641.0,17.0,545010.0
2026-04-30 13:43:35.500000000,3206.0,388283.0,12418406680.0,3205.0,46.0,3206.0,1499.0,260.0,8335420.0
2026-04-30 13:43:36.000000000,3205.0,388301.0,12418983750.0,3205.0,177.0,3206.0,1485.0,18.0,577070.0
2026-04-30 13:43:36.500000000,3206.0,388331.0,12419945470.0,3205.0,119.0,3206.0,1400.0,30.0,961720.0
2026-04-30 13:43:37.000000000,3205.0,388333.0,12420009570.0,3205.0,119.0,3206.0,1400.0,2.0,64100.0
2026-04-30 13:43:37.500000000,3205.0,388343.0,12420330160.0,3205.0,119.0,3206.0,1397.0,10.0,320590.0
2026-04-30 13:43:38.000000000,3205.0,388359.0,12420842960.0,3205.0,104.0,3206.0,1473.0,16.0,512800.0
2026-04-30 13:43:38.500000000,3205.0,388387.0,12421740360.0,3204.0,976.0,3205.0,4.0,28.0,897400.0
2026-04-30 13:43:39.000000000,3205.0,388612.0,12428951530.0,3204.0,927.0,3205.0,157.0,225.0,7211170.0
2026-04-30 13:43:39.500000000,3205.0,388725.0,12432572300.0,3204.0,839.0,3205.0,140.0,113.0,3620770.0
2026-04-30 13:43:40.000000000,3205.0,388725.0,12432572300.0,3204.0,891.0,3205.0,466.0,0.0,0.0
2026-04-30 13:43:40.500000000,3205.0,388738.0,12432988900.0,3204.0,740.0,3205.0,653.0,13.0,416600.0
2026-04-30 13:43:41.000000000,3205.0,388747.0,12433277350.0,3204.0,725.0,3205.0,830.0,9.0,288450.0
2026-04-30 13:43:41.500000000,3205.0,388754.0,12433501700.0,3204.0,708.0,3205.0,894.0,7.0,224350.0
2026-04-30 13:43:42.000000000,3205.0,388755.0,12433533750.0,3204.0,524.0,3205.0,1005.0,1.0,32050.0
2026-04-30 13:43:42.500000000,3205.0,388776.0,12434206800.0,3204.0,414.0,3205.0,990.0,21.0,673050.0
2026-04-30 13:43:43.000000000,3205.0,388789.0,12434623450.0,3204.0,425.0,3205.0,1010.0,13.0,416650.0
2026-04-30 13:43:43.500000000,3204.0,389220.0,12448432700.0,3203.0,1582.0,3204.0,104.0,431.0,13809250.0
2026-04-30 13:43:44.000000000,3204.0,389272.0,12450098780.0,3203.0,1479.0,3204.0,300.0,52.0,1666080.0
2026-04-30 13:43:44.500000000,3204.0,389300.0,12450995900.0,3203.0,1480.0,3204.0,374.0,28.0,897120.0
2026-04-30 13:43:45.000000000,3204.0,389300.0,12450995900.0,3203.0,1479.0,3204.0,500.0,0.0,0.0
2026-04-30 13:43:45.500000000,3204.0,389301.0,12451027940.0,3203.0,1319.0,3204.0,496.0,1.0,32040.0
2026-04-30 13:43:46.000000000,3204.0,389301.0,12451027940.0,3203.0,1329.0,3204.0,602.0,0.0,0.0
2026-04-30 13:43:46.500000000,3203.0,389302.0,12451059970.0,3203.0,1323.0,3204.0,604.0,1.0,32030.0
2026-04-30 13:43:47.000000000,3204.0,389311.0,12451348330.0,3203.0,1314.0,3204.0,660.0,9.0,288360.0
2026-04-30 13:43:47.500000000,3204.0,389321.0,12451668730.0,3203.0,1314.0,3204.0,756.0,10.0,320400.0
2026-04-30 13:43:48.000000000,3204.0,389338.0,12452213410.0,3203.0,1315.0,3204.0,749.0,17.0,544680.0
2026-04-30 13:43:48.500000000,3204.0,389339.0,12452245450.0,3203.0,1316.0,3204.0,748.0,1.0,32040.0
2026-04-30 13:43:49.000000000,3203.0,389349.0,12452565750.0,3203.0,1309.0,3204.0,748.0,10.0,320300.0
2026-04-30 13:43:49.500000000,3204.0,389351.0,12452629830.0,3203.0,1319.0,3204.0,746.0,2.0,64080.0
2026-04-30 13:43:50.500000000,3204.0,389351.0,12452629830.0,3203.0,1319.0,3204.0,746.0,0.0,0.0
2026-04-30 13:43:51.000000000,3203.0,389352.0,12452661860.0,3203.0,1311.0,3204.0,664.0,1.0,32030.0
2026-04-30 13:43:51.500000000,3204.0,389353.0,12452693900.0,3203.0,1312.0,3204.0,663.0,1.0,32040.0
2026-04-30 13:43:52.000000000,3204.0,389353.0,12452693900.0,3203.0,1312.0,3204.0,507.0,0.0,0.0
2026-04-30 13:43:52.500000000,3203.0,389355.0,12452757960.0,3203.0,1360.0,3204.0,356.0,2.0,64060.0
2026-04-30 13:43:53.000000000,3204.0,389378.0,12453494860.0,3203.0,1369.0,3204.0,286.0,23.0,736900.0
2026-04-30 13:43:53.500000000,3204.0,389379.0,12453526900.0,3203.0,1369.0,3204.0,165.0,1.0,32040.0
2026-04-30 13:43:54.000000000,3204.0,389380.0,12453558940.0,3203.0,1370.0,3204.0,162.0,1.0,32040.0
2026-04-30 13:43:54.500000000,3203.0,389382.0,12453623000.0,3203.0,1368.0,3204.0,82.0,2.0,64060.0
2026-04-30 13:43:55.000000000,3203.0,389383.0,12453655030.0,3203.0,1367.0,3204.0,53.0,1.0,32030.0
2026-04-30 13:43:55.500000000,3204.0,389384.0,12453687070.0,3203.0,1367.0,3204.0,55.0,1.0,32040.0
2026-04-30 13:43:56.000000000,3204.0,389384.0,12453687070.0,3203.0,1367.0,3204.0,55.0,0.0,0.0
2026-04-30 13:43:56.500000000,3204.0,389386.0,12453751150.0,3203.0,1367.0,3204.0,83.0,2.0,64080.0
2026-04-30 13:43:57.000000000,3204.0,389390.0,12453879310.0,3203.0,1367.0,3204.0,79.0,4.0,128160.0
2026-04-30 13:43:57.500000000,3204.0,389392.0,12453943390.0,3203.0,1371.0,3204.0,66.0,2.0,64080.0
2026-04-30 13:43:58.000000000,3204.0,389394.0,12454007470.0,3203.0,1378.0,3204.0,64.0,2.0,64080.0
2026-04-30 13:43:58.500000000,3204.0,389399.0,12454167670.0,3203.0,1378.0,3204.0,79.0,5.0,160200.0
2026-04-30 13:43:59.000000000,3204.0,389407.0,12454423990.0,3203.0,1379.0,3204.0,72.0,8.0,256320.0
2026-04-30 13:43:59.500000000,3203.0,389414.0,12454648240.0,3203.0,1376.0,3204.0,49.0,7.0,224250.0
2026-04-30 13:44:00.000000000,3204.0,389418.0,12454776400.0,3203.0,1376.0,3204.0,65.0,4.0,128160.0
2026-04-30 13:44:00.500000000,3204.0,389432.0,12455224960.0,3203.0,1383.0,3204.0,57.0,14.0,448560.0
2026-04-30 13:44:01.000000000,3203.0,389434.0,12455289030.0,3203.0,1432.0,3204.0,8.0,2.0,64070.0
2026-04-30 13:44:01.500000000,3203.0,389436.0,12455353100.0,3203.0,1550.0,3204.0,8.0,2.0,64070.0
2026-04-30 13:44:02.000000000,3203.0,389476.0,12456634380.0,3203.0,1518.0,3204.0,1.0,40.0,1281280.0
2026-04-30 13:44:02.500000000,3205.0,389487.0,12456986920.0,3204.0,2.0,3205.0,1154.0,11.0,352540.0
2026-04-30 13:44:03.000000000,3205.0,389487.0,12456986920.0,3204.0,11.0,3205.0,1280.0,0.0,0.0
2026-04-30 13:44:03.500000000,3204.0,389618.0,12461185300.0,3203.0,1563.0,3204.0,1.0,131.0,4198380.0
2026-04-30 13:44:04.000000000,3204.0,389629.0,12461537790.0,3203.0,1522.0,3205.0,1178.0,11.0,352490.0
2026-04-30 13:44:04.500000000,3204.0,389733.0,12464868970.0,3203.0,1433.0,3204.0,206.0,104.0,3331180.0
2026-04-30 13:44:05.000000000,3204.0,389735.0,12464933050.0,3203.0,1278.0,3204.0,637.0,2.0,64080.0
2026-04-30 13:44:05.500000000,3204.0,389741.0,12465125290.0,3203.0,1289.0,3204.0,730.0,6.0,192240.0
2026-04-30 13:44:06.000000000,3204.0,389741.0,12465125290.0,3203.0,1294.0,3204.0,767.0,0.0,0.0
2026-04-30 13:44:06.500000000,3204.0,389742.0,12465157330.0,3203.0,1298.0,3204.0,786.0,1.0,32040.0
2026-04-30 13:44:07.000000000,3204.0,389743.0,12465189370.0,3203.0,1298.0,3204.0,866.0,1.0,32040.0
2026-04-30 13:44:07.500000000,3204.0,389750.0,12465413650.0,3203.0,1270.0,3204.0,859.0,7.0,224280.0
2026-04-30 13:44:08.000000000,3204.0,389759.0,12465702010.0,3203.0,1288.0,3204.0,850.0,9.0,288360.0
2026-04-30 13:44:08.500000000,3204.0,389761.0,12465766090.0,3203.0,1298.0,3204.0,848.0,2.0,64080.0
2026-04-30 13:44:09.000000000,3204.0,389762.0,12465798130.0,3203.0,1278.0,3204.0,847.0,1.0,32040.0
2026-04-30 13:44:09.500000000,3204.0,389763.0,12465830170.0,3203.0,1279.0,3204.0,846.0,1.0,32040.0
2026-04-30 13:44:10.000000000,3204.0,389763.0,12465830170.0,3203.0,1280.0,3204.0,846.0,0.0,0.0
2026-04-30 13:44:10.500000000,3204.0,389764.0,12465862210.0,3203.0,1280.0,3204.0,845.0,1.0,32040.0
2026-04-30 13:44:11.000000000,3204.0,389765.0,12465894250.0,3203.0,1280.0,3204.0,844.0,1.0,32040.0
2026-04-30 13:44:11.500000000,3203.0,389767.0,12465958320.0,3203.0,1299.0,3204.0,845.0,2.0,64070.0
2026-04-30 13:44:12.000000000,3203.0,389769.0,12466022390.0,3203.0,1303.0,3204.0,844.0,2.0,64070.0
2026-04-30 13:44:12.500000000,3204.0,389774.0,12466182590.0,3203.0,1306.0,3204.0,829.0,5.0,160200.0
2026-04-30 13:44:13.000000000,3204.0,389779.0,12466342790.0,3203.0,1286.0,3204.0,824.0,5.0,160200.0
2026-04-30 13:44:13.500000000,3204.0,389784.0,12466502990.0,3203.0,1287.0,3204.0,819.0,5.0,160200.0
2026-04-30 13:44:14.000000000,3204.0,389785.0,12466535030.0,3203.0,1308.0,3204.0,828.0,1.0,32040.0
2026-04-30 13:44:14.500000000,3204.0,389788.0,12466631150.0,3203.0,1308.0,3204.0,825.0,3.0,96120.0
2026-04-30 13:44:15.000000000,3204.0,389788.0,12466631150.0,3203.0,1309.0,3204.0,826.0,0.0,0.0
2026-04-30 13:44:15.500000000,3204.0,389788.0,12466631150.0,3203.0,1311.0,3204.0,876.0,0.0,0.0
2026-04-30 13:44:16.000000000,3204.0,389788.0,12466631150.0,3203.0,1296.0,3204.0,877.0,0.0,0.0
2026-04-30 13:44:16.500000000,3204.0,389796.0,12466887470.0,3203.0,1296.0,3204.0,872.0,8.0,256320.0
2026-04-30 13:44:17.000000000,3204.0,389801.0,12467047670.0,3203.0,1296.0,3204.0,868.0,5.0,160200.0
2026-04-30 13:44:17.500000000,3203.0,389806.0,12467207820.0,3203.0,1312.0,3204.0,869.0,5.0,160150.0
2026-04-30 13:44:18.000000000,3203.0,389806.0,12467207820.0,3203.0,1302.0,3204.0,870.0,0.0,0.0
2026-04-30 13:44:18.500000000,3204.0,389807.0,12467239860.0,3203.0,1293.0,3204.0,953.0,1.0,32040.0
2026-04-30 13:44:19.000000000,3204.0,389807.0,12467239860.0,3203.0,1288.0,3204.0,967.0,0.0,0.0
2026-04-30 13:44:19.500000000,3203.0,389812.0,12467400010.0,3203.0,1288.0,3204.0,967.0,5.0,160150.0
2026-04-30 13:44:20.000000000,3203.0,389812.0,12467400010.0,3203.0,1288.0,3204.0,967.0,0.0,0.0
2026-04-30 13:44:20.500000000,3204.0,389813.0,12467432050.0,3203.0,1291.0,3204.0,952.0,1.0,32040.0
2026-04-30 13:44:21.000000000,3203.0,389815.0,12467496110.0,3203.0,1289.0,3204.0,952.0,2.0,64060.0
2026-04-30 13:44:21.500000000,3203.0,389819.0,12467624260.0,3203.0,1284.0,3204.0,950.0,4.0,128150.0
2026-04-30 13:44:22.000000000,3203.0,389822.0,12467720360.0,3203.0,1282.0,3204.0,949.0,3.0,96100.0
2026-04-30 13:44:22.500000000,3204.0,389824.0,12467784440.0,3203.0,1288.0,3204.0,947.0,2.0,64080.0
2026-04-30 13:44:23.000000000,3204.0,389824.0,12467784440.0,3203.0,1288.0,3204.0,948.0,0.0,0.0
2026-04-30 13:44:23.500000000,3204.0,389825.0,12467816480.0,3203.0,1288.0,3204.0,953.0,1.0,32040.0
2026-04-30 13:44:24.000000000,3204.0,389826.0,12467848520.0,3203.0,1298.0,3204.0,947.0,1.0,32040.0
2026-04-30 13:44:24.500000000,3203.0,389877.0,12469482060.0,3203.0,1247.0,3204.0,946.0,51.0,1633540.0
2026-04-30 13:44:25.000000000,3203.0,389877.0,12469482060.0,3203.0,1233.0,3204.0,1085.0,0.0,0.0
2026-04-30 13:44:25.500000000,3203.0,389877.0,12469482060.0,3203.0,1200.0,3204.0,1091.0,0.0,0.0
2026-04-30 13:44:26.000000000,3203.0,389877.0,12469482060.0,3203.0,1190.0,3204.0,977.0,0.0,0.0
2026-04-30 13:44:26.500000000,3203.0,389878.0,12469514090.0,3203.0,1193.0,3204.0,968.0,1.0,32030.0
2026-04-30 13:44:27.000000000,3204.0,389879.0,12469546130.0,3203.0,1193.0,3204.0,968.0,1.0,32040.0
2026-04-30 13:44:27.500000000,3204.0,389880.0,12469578170.0,3203.0,1192.0,3204.0,966.0,1.0,32040.0
2026-04-30 13:44:28.000000000,3204.0,389880.0,12469578170.0,3203.0,1191.0,3204.0,966.0,0.0,0.0
2026-04-30 13:44:28.500000000,3203.0,389883.0,12469674270.0,3203.0,1191.0,3204.0,983.0,3.0,96100.0
2026-04-30 13:44:29.000000000,3204.0,389884.0,12469706310.0,3203.0,1186.0,3204.0,982.0,1.0,32040.0
2026-04-30 13:44:29.500000000,3204.0,389898.0,12470154770.0,3203.0,1168.0,3204.0,1123.0,14.0,448460.0
2026-04-30 13:44:30.000000000,3203.0,389910.0,12470539130.0,3203.0,1103.0,3204.0,1146.0,12.0,384360.0
2026-04-30 13:44:30.500000000,3204.0,389911.0,12470571170.0,3203.0,1076.0,3204.0,1145.0,1.0,32040.0
2026-04-30 13:44:31.000000000,3204.0,389914.0,12470667290.0,3203.0,1086.0,3204.0,1142.0,3.0,96120.0
2026-04-30 13:44:31.500000000,3204.0,389915.0,12470699330.0,3203.0,1089.0,3204.0,1015.0,1.0,32040.0
2026-04-30 13:44:32.000000000,3204.0,389916.0,12470731370.0,3203.0,1089.0,3204.0,1005.0,1.0,32040.0
2026-04-30 13:44:32.500000000,3204.0,389956.0,12472012730.0,3203.0,1071.0,3204.0,991.0,40.0,1281360.0
2026-04-30 13:44:33.000000000,3204.0,389961.0,12472172930.0,3203.0,1083.0,3204.0,986.0,5.0,160200.0
2026-04-30 13:44:33.500000000,3204.0,389966.0,12472333120.0,3203.0,1074.0,3204.0,982.0,5.0,160190.0
2026-04-30 13:44:34.000000000,3203.0,389968.0,12472397180.0,3203.0,1083.0,3204.0,982.0,2.0,64060.0
2026-04-30 13:44:34.500000000,3204.0,389971.0,12472493290.0,3203.0,1085.0,3204.0,980.0,3.0,96110.0
2026-04-30 13:44:35.000000000,3204.0,389976.0,12472653490.0,3203.0,1086.0,3204.0,975.0,5.0,160200.0
2026-04-30 13:44:35.500000000,3204.0,389977.0,12472685530.0,3203.0,1102.0,3204.0,979.0,1.0,32040.0
2026-04-30 13:44:36.000000000,3203.0,389978.0,12472717560.0,3203.0,1088.0,3204.0,979.0,1.0,32030.0
2026-04-30 13:44:36.500000000,3204.0,389979.0,12472749600.0,3203.0,1104.0,3204.0,980.0,1.0,32040.0
2026-04-30 13:44:37.000000000,3204.0,389981.0,12472813680.0,3203.0,1092.0,3204.0,978.0,2.0,64080.0
2026-04-30 13:44:37.500000000,3204.0,389982.0,12472845720.0,3203.0,1108.0,3204.0,977.0,1.0,32040.0
2026-04-30 13:44:38.000000000,3204.0,389982.0,12472845720.0,3203.0,1111.0,3204.0,979.0,0.0,0.0
2026-04-30 13:44:38.500000000,3203.0,389993.0,12473198060.0,3203.0,1104.0,3204.0,978.0,11.0,352340.0
2026-04-30 13:44:39.000000000,3203.0,389993.0,12473198060.0,3203.0,1107.0,3204.0,978.0,0.0,0.0
2026-04-30 13:44:39.500000000,3204.0,389994.0,12473230100.0,3203.0,1091.0,3204.0,976.0,1.0,32040.0
2026-04-30 13:44:40.000000000,3204.0,389994.0,12473230100.0,3203.0,1092.0,3204.0,978.0,0.0,0.0
2026-04-30 13:44:40.500000000,3204.0,389995.0,12473262140.0,3203.0,1095.0,3204.0,977.0,1.0,32040.0
2026-04-30 13:44:41.000000000,3204.0,389996.0,12473294180.0,3203.0,1115.0,3204.0,976.0,1.0,32040.0
2026-04-30 13:44:41.500000000,3204.0,389996.0,12473294180.0,3203.0,1113.0,3204.0,976.0,0.0,0.0
2026-04-30 13:44:42.500000000,3204.0,389996.0,12473294180.0,3203.0,1113.0,3204.0,976.0,0.0,0.0
2026-04-30 13:44:43.000000000,3204.0,389996.0,12473294180.0,3203.0,1113.0,3204.0,977.0,0.0,0.0
2026-04-30 13:44:43.500000000,3204.0,389998.0,12473358260.0,3203.0,1113.0,3204.0,975.0,2.0,64080.0
2026-04-30 13:44:44.000000000,3204.0,389998.0,12473358260.0,3203.0,1115.0,3204.0,976.0,0.0,0.0
2026-04-30 13:44:44.500000000,3203.0,390004.0,12473550450.0,3203.0,1111.0,3204.0,975.0,6.0,192190.0
2026-04-30 13:44:45.000000000,3203.0,390016.0,12473934920.0,3203.0,1110.0,3204.0,964.0,12.0,384470.0
2026-04-30 13:44:45.500000000,3204.0,390017.0,12473966960.0,3203.0,1118.0,3204.0,975.0,1.0,32040.0
2026-04-30 13:44:46.000000000,3204.0,390017.0,12473966960.0,3203.0,1120.0,3204.0,975.0,0.0,0.0
2026-04-30 13:44:46.500000000,3204.0,390017.0,12473966960.0,3203.0,1120.0,3204.0,974.0,0.0,0.0
2026-04-30 13:44:47.000000000,3204.0,390017.0,12473966960.0,3203.0,1118.0,3204.0,974.0,0.0,0.0
2026-04-30 13:44:47.500000000,3204.0,390017.0,12473966960.0,3203.0,1120.0,3204.0,974.0,0.0,0.0
2026-04-30 13:44:48.000000000,3204.0,390023.0,12474159180.0,3203.0,1116.0,3204.0,970.0,6.0,192220.0
2026-04-30 13:44:48.500000000,3203.0,390025.0,12474223240.0,3203.0,1115.0,3204.0,970.0,2.0,64060.0
2026-04-30 13:44:49.000000000,3204.0,390026.0,12474255280.0,3203.0,1115.0,3204.0,953.0,1.0,32040.0
2026-04-30 13:44:49.500000000,3204.0,390027.0,12474287320.0,3203.0,1122.0,3204.0,842.0,1.0,32040.0
2026-04-30 13:44:50.000000000,3203.0,390037.0,12474607620.0,3203.0,1111.0,3204.0,791.0,10.0,320300.0
2026-04-30 13:44:50.500000000,3204.0,390043.0,12474799810.0,3203.0,1113.0,3204.0,810.0,6.0,192190.0
2026-04-30 13:44:51.000000000,3203.0,390053.0,12475120180.0,3203.0,1110.0,3204.0,802.0,10.0,320370.0
2026-04-30 13:44:51.500000000,3204.0,390055.0,12475184250.0,3203.0,1108.0,3204.0,801.0,2.0,64070.0
2026-04-30 13:44:52.500000000,3204.0,390055.0,12475184250.0,3203.0,1128.0,3204.0,801.0,0.0,0.0
2026-04-30 13:44:53.000000000,3204.0,390056.0,12475216290.0,3203.0,1143.0,3204.0,799.0,1.0,32040.0
2026-04-30 13:44:53.500000000,3203.0,390058.0,12475280360.0,3203.0,1134.0,3204.0,798.0,2.0,64070.0
2026-04-30 13:44:54.000000000,3203.0,390059.0,12475312390.0,3203.0,1140.0,3204.0,798.0,1.0,32030.0
2026-04-30 13:44:54.500000000,3203.0,390065.0,12475504620.0,3203.0,1132.0,3204.0,794.0,6.0,192230.0
2026-04-30 13:44:55.000000000,3204.0,390085.0,12476145420.0,3203.0,1138.0,3204.0,774.0,20.0,640800.0
2026-04-30 13:44:55.500000000,3204.0,390338.0,12484251540.0,3203.0,1138.0,3204.0,521.0,253.0,8106120.0
2026-04-30 13:44:56.000000000,3204.0,390389.0,12485885580.0,3203.0,1350.0,3204.0,156.0,51.0,1634040.0
2026-04-30 13:44:56.500000000,3204.0,390460.0,12488160420.0,3203.0,1482.0,3204.0,64.0,71.0,2274840.0
2026-04-30 13:44:57.000000000,3204.0,390522.0,12490146900.0,3204.0,8.0,3205.0,1299.0,62.0,1986480.0
2026-04-30 13:44:57.500000000,3205.0,390536.0,12490595510.0,3204.0,68.0,3205.0,1327.0,14.0,448610.0
2026-04-30 13:44:58.000000000,3204.0,390558.0,12491300560.0,3204.0,64.0,3205.0,1260.0,22.0,705050.0
2026-04-30 13:44:58.500000000,3204.0,390565.0,12491524890.0,3204.0,145.0,3205.0,1255.0,7.0,224330.0
2026-04-30 13:44:59.000000000,3204.0,390565.0,12491524890.0,3204.0,167.0,3205.0,1255.0,0.0,0.0
2026-04-30 13:44:59.500000000,3204.0,390565.0,12491524890.0,3204.0,168.0,3205.0,1256.0,0.0,0.0
