datetime,last_price,volume,amount,bid_price1,bid_volume1,ask_price1,ask_volume1,tick_volume,tick_amount
2026-03-24 13:34:40.500000000,3150.0,133239.0,4196101790.0,3149.0,884.0,3150.0,117.0,0.0,0.0
2026-03-24 13:34:41.000000000,3149.0,133366.0,4200102260.0,3149.0,901.0,3150.0,53.0,127.0,4000470.0
2026-03-24 13:34:41.500000000,3150.0,133426.0,4201992260.0,3150.0,3.0,3151.0,1263.0,60.0,1890000.0
2026-03-24 13:34:42.000000000,3150.0,133435.0,4202275760.0,3150.0,12.0,3151.0,1261.0,9.0,283500.0
2026-03-24 13:34:42.500000000,3150.0,133440.0,4202433260.0,3150.0,30.0,3151.0,1387.0,5.0,157500.0
2026-03-24 13:34:43.000000000,3150.0,133440.0,4202433260.0,3150.0,30.0,3151.0,1387.0,0.0,0.0
2026-03-24 13:34:43.500000000,3150.0,133448.0,4202685280.0,3150.0,34.0,3151.0,1383.0,8.0,252020.0
2026-03-24 13:34:44.000000000,3150.0,133450.0,4202748280.0,3150.0,62.0,3151.0,1434.0,2.0,63000.0
2026-03-24 13:34:44.500000000,3151.0,133454.0,4202874300.0,3150.0,90.0,3151.0,1432.0,4.0,126020.0
2026-03-24 13:34:45.000000000,3150.0,133457.0,4202968800.0,3150.0,68.0,3151.0,1453.0,3.0,94500.0
2026-03-24 13:34:45.500000000,3150.0,133460.0,4203063310.0,3150.0,56.0,3151.0,1453.0,3.0,94510.0
2026-03-24 13:34:46.000000000,3150.0,133463.0,4203157820.0,3150.0,55.0,3151.0,1454.0,3.0,94510.0
2026-03-24 13:34:46.500000000,3150.0,133466.0,4203252330.0,3150.0,53.0,3151.0,1460.0,3.0,94510.0
2026-03-24 13:34:47.000000000,3150.0,133474.0,4203504330.0,3150.0,47.0,3151.0,1510.0,8.0,252000.0
2026-03-24 13:34:47.500000000,3150.0,133475.0,4203535830.0,3150.0,48.0,3151.0,1510.0,1.0,31500.0
2026-03-24 13:34:48.000000000,3150.0,133477.0,4203598830.0,3150.0,58.0,3151.0,1510.0,2.0,63000.0
2026-03-24 13:34:48.500000000,3150.0,133479.0,4203661830.0,3150.0,67.0,3151.0,1510.0,2.0,63000.0
2026-03-24 13:34:49.000000000,3150.0,133481.0,4203724830.0,3150.0,78.0,3151.0,1510.0,2.0,63000.0
2026-03-24 13:34:49.500000000,3150.0,133481.0,4203724830.0,3150.0,80.0,3151.0,1510.0,0.0,0.0
2026-03-24 13:34:50.000000000,3150.0,133483.0,4203787830.0,3150.0,81.0,3151.0,1510.0,2.0,63000.0
2026-03-24 13:34:50.500000000,3150.0,133493.0,4204102910.0,3150.0,79.0,3151.0,1502.0,10.0,315080.0
2026-03-24 13:34:51.000000000,3150.0,133493.0,4204102910.0,3150.0,110.0,3151.0,1508.0,0.0,0.0
2026-03-24 13:34:51.500000000,3150.0,133503.0,4204417910.0,3150.0,141.0,3151.0,1508.0,10.0,315000.0
2026-03-24 13:34:52.000000000,3150.0,133503.0,4204417910.0,3150.0,121.0,3151.0,1509.0,0.0,0.0
2026-03-24 13:34:52.500000000,3151.0,133505.0,4204480930.0,3150.0,114.0,3151.0,1507.0,2.0,63020.0
2026-03-24 13:34:53.000000000,3150.0,133506.0,4204512430.0,3150.0,124.0,3151.0,1507.0,1.0,31500.0
2026-03-24 13:34:53.500000000,3150.0,133592.0,4207221430.0,3150.0,58.0,3151.0,1507.0,86.0,2709000.0
2026-03-24 13:34:54.000000000,3150.0,133660.0,4209363430.0,3149.0,1009.0,3150.0,314.0,68.0,2142000.0
2026-03-24 13:34:54.500000000,3150.0,133661.0,4209394930.0,3149.0,814.0,3150.0,671.0,1.0,31500.0
2026-03-24 13:34:55.000000000,3150.0,133704.0,4210749430.0,3149.0,820.0,3150.0,651.0,43.0,1354500.0
2026-03-24 13:34:55.500000000,3150.0,133710.0,4210938430.0,3149.0,820.0,3150.0,651.0,6.0,189000.0
2026-03-24 13:34:56.000000000,3150.0,133712.0,4211001430.0,3149.0,822.0,3150.0,700.0,2.0,63000.0
2026-03-24 13:34:56.500000000,3150.0,133716.0,4211127430.0,3149.0,790.0,3150.0,702.0,4.0,126000.0
2026-03-24 13:34:57.000000000,3149.0,133722.0,4211316420.0,3149.0,793.0,3150.0,708.0,6.0,188990.0
2026-03-24 13:34:57.500000000,3149.0,133722.0,4211316420.0,3149.0,795.0,3150.0,708.0,0.0,0.0
2026-03-24 13:34:58.000000000,3149.0,133722.0,4211316420.0,3149.0,795.0,3150.0,709.0,0.0,0.0
2026-03-24 13:34:58.500000000,3150.0,133735.0,4211725920.0,3149.0,771.0,3150.0,733.0,13.0,409500.0
2026-03-24 13:34:59.000000000,3149.0,133737.0,4211788900.0,3149.0,768.0,3150.0,733.0,2.0,62980.0
2026-03-24 13:34:59.500000000,3150.0,133738.0,4211820400.0,3149.0,868.0,3150.0,732.0,1.0,31500.0
2026-03-24 13:35:00.000000000,3149.0,133739.0,4211851890.0,3149.0,867.0,3150.0,732.0,1.0,31490.0
2026-03-24 13:35:00.500000000,3150.0,133744.0,4212009390.0,3149.0,868.0,3150.0,751.0,5.0,157500.0
2026-03-24 13:35:01.000000000,3150.0,133745.0,4212040890.0,3149.0,872.0,3150.0,738.0,1.0,31500.0
2026-03-24 13:35:01.500000000,3150.0,133750.0,4212198350.0,3149.0,869.0,3150.0,737.0,5.0,157460.0
2026-03-24 13:35:02.000000000,3150.0,133750.0,4212198350.0,3149.0,873.0,3150.0,752.0,0.0,0.0
2026-03-24 13:35:02.500000000,3149.0,133751.0,4212229840.0,3149.0,874.0,3150.0,775.0,1.0,31490.0
2026-03-24 13:35:03.000000000,3149.0,133751.0,4212229840.0,3149.0,876.0,3150.0,775.0,0.0,0.0
2026-03-24 13:35:03.500000000,3150.0,133753.0,4212292840.0,3149.0,874.0,3150.0,773.0,2.0,63000.0
2026-03-24 13:35:04.000000000,3150.0,133758.0,4212450340.0,3149.0,874.0,3150.0,768.0,5.0,157500.0
2026-03-24 13:35:04.500000000,3150.0,133762.0,4212576320.0,3149.0,883.0,3150.0,770.0,4.0,125980.0
2026-03-24 13:35:05.000000000,3150.0,133766.0,4212702310.0,3149.0,882.0,3150.0,768.0,4.0,125990.0
2026-03-24 13:35:05.500000000,3150.0,133766.0,4212702310.0,3149.0,882.0,3150.0,755.0,0.0,0.0
2026-03-24 13:35:06.000000000,3150.0,133766.0,4212702310.0,3149.0,882.0,3150.0,769.0,0.0,0.0
2026-03-24 13:35:06.500000000,3150.0,133766.0,4212702310.0,3149.0,883.0,3150.0,762.0,0.0,0.0
2026-03-24 13:35:07.000000000,3150.0,133766.0,4212702310.0,3149.0,884.0,3150.0,763.0,0.0,0.0
2026-03-24 13:35:07.500000000,3150.0,133767.0,4212733810.0,3149.0,886.0,3150.0,777.0,1.0,31500.0
2026-03-24 13:35:08.000000000,3149.0,133768.0,4212765300.0,3149.0,885.0,3150.0,762.0,1.0,31490.0
2026-03-24 13:35:08.500000000,3150.0,133770.0,4212828300.0,3149.0,885.0,3150.0,761.0,2.0,63000.0
2026-03-24 13:35:09.000000000,3150.0,133770.0,4212828300.0,3149.0,885.0,3150.0,678.0,0.0,0.0
2026-03-24 13:35:09.500000000,3150.0,133771.0,4212859800.0,3149.0,1010.0,3150.0,677.0,1.0,31500.0
2026-03-24 13:35:10.000000000,3150.0,133772.0,4212891300.0,3149.0,1010.0,3150.0,604.0,1.0,31500.0
2026-03-24 13:35:10.500000000,3150.0,133772.0,4212891300.0,3149.0,1011.0,3150.0,567.0,0.0,0.0
2026-03-24 13:35:11.000000000,3150.0,133772.0,4212891300.0,3149.0,1017.0,3150.0,539.0,0.0,0.0
2026-03-24 13:35:11.500000000,3150.0,133773.0,4212922800.0,3149.0,1017.0,3150.0,538.0,1.0,31500.0
2026-03-24 13:35:12.000000000,3150.0,133773.0,4212922800.0,3149.0,1017.0,3150.0,528.0,0.0,0.0
2026-03-24 13:35:12.500000000,3150.0,133775.0,4212985800.0,3149.0,1017.0,3150.0,323.0,2.0,63000.0
2026-03-24 13:35:13.000000000,3150.0,133778.0,4213080300.0,3149.0,1102.0,3150.0,178.0,3.0,94500.0
2026-03-24 13:35:13.500000000,3150.0,133802.0,4213836300.0,3149.0,1105.0,3150.0,68.0,24.0,756000.0
2026-03-24 13:35:14.000000000,3150.0,133871.0,4216009790.0,3150.0,44.0,3151.0,1456.0,69.0,2173490.0
2026-03-24 13:35:14.500000000,3151.0,133873.0,4216072800.0,3150.0,70.0,3151.0,1460.0,2.0,63010.0
2026-03-24 13:35:15.000000000,3150.0,133874.0,4216104300.0,3150.0,62.0,3151.0,1461.0,1.0,31500.0
2026-03-24 13:35:15.500000000,3151.0,133875.0,4216135810.0,3150.0,91.0,3151.0,1460.0,1.0,31510.0
2026-03-24 13:35:16.000000000,3151.0,133878.0,4216230320.0,3150.0,117.0,3151.0,1459.0,3.0,94510.0
2026-03-24 13:35:16.500000000,3151.0,133879.0,4216261830.0,3150.0,127.0,3151.0,1466.0,1.0,31510.0
2026-03-24 13:35:17.000000000,3150.0,133890.0,4216608350.0,3150.0,169.0,3151.0,1467.0,11.0,346520.0
2026-03-24 13:35:17.500000000,3150.0,133890.0,4216608350.0,3150.0,199.0,3151.0,1467.0,0.0,0.0
2026-03-24 13:35:18.000000000,3150.0,133893.0,4216702850.0,3150.0,207.0,3151.0,1468.0,3.0,94500.0
2026-03-24 13:35:18.500000000,3150.0,133894.0,4216734350.0,3150.0,166.0,3151.0,1471.0,1.0,31500.0
2026-03-24 13:35:19.000000000,3150.0,133894.0,4216734350.0,3150.0,118.0,3151.0,1472.0,0.0,0.0
2026-03-24 13:35:19.500000000,3150.0,133895.0,4216765850.0,3150.0,97.0,3151.0,1477.0,1.0,31500.0
2026-03-24 13:35:20.000000000,3150.0,133912.0,4217301400.0,3150.0,89.0,3151.0,1561.0,17.0,535550.0
2026-03-24 13:35:20.500000000,3150.0,133916.0,4217427400.0,3150.0,89.0,3151.0,1560.0,4.0,126000.0
2026-03-24 13:35:21.000000000,3150.0,133921.0,4217584900.0,3150.0,92.0,3151.0,1560.0,5.0,157500.0
2026-03-24 13:35:21.500000000,3150.0,133925.0,4217710910.0,3150.0,97.0,3151.0,1576.0,4.0,126010.0
2026-03-24 13:35:22.000000000,3150.0,133925.0,4217710910.0,3150.0,108.0,3151.0,1577.0,0.0,0.0
2026-03-24 13:35:22.500000000,3150.0,133926.0,4217742410.0,3150.0,106.0,3151.0,1577.0,1.0,31500.0
2026-03-24 13:35:23.000000000,3150.0,133927.0,4217773910.0,3150.0,112.0,3151.0,1557.0,1.0,31500.0
2026-03-24 13:35:23.500000000,3151.0,133928.0,4217805420.0,3150.0,114.0,3151.0,1557.0,1.0,31510.0
2026-03-24 13:35:24.000000000,3150.0,133963.0,4218907930.0,3150.0,71.0,3151.0,1556.0,35.0,1102510.0
2026-03-24 13:35:24.500000000,3151.0,133966.0,4219002450.0,3150.0,80.0,3151.0,1554.0,3.0,94520.0
2026-03-24 13:35:25.000000000,3151.0,133966.0,4219002450.0,3150.0,123.0,3151.0,1556.0,0.0,0.0
2026-03-24 13:35:25.500000000,3150.0,133968.0,4219065450.0,3150.0,127.0,3151.0,1557.0,2.0,63000.0
2026-03-24 13:35:26.000000000,3150.0,133968.0,4219065450.0,3150.0,185.0,3151.0,1552.0,0.0,0.0
2026-03-24 13:35:26.500000000,3150.0,133968.0,4219065450.0,3150.0,182.0,3151.0,1552.0,0.0,0.0
2026-03-24 13:35:27.000000000,3150.0,133968.0,4219065450.0,3150.0,218.0,3151.0,1570.0,0.0,0.0
2026-03-24 13:35:27.500000000,3150.0,133969.0,4219096950.0,3150.0,203.0,3151.0,1594.0,1.0,31500.0
2026-03-24 13:35:28.000000000,3150.0,133969.0,4219096950.0,3150.0,117.0,3151.0,1595.0,0.0,0.0
2026-03-24 13:35:28.500000000,3150.0,133969.0,4219096950.0,3150.0,134.0,3151.0,1577.0,0.0,0.0
2026-03-24 13:35:29.000000000,3150.0,133969.0,4219096950.0,3150.0,226.0,3151.0,1534.0,0.0,0.0
2026-03-24 13:35:29.500000000,3150.0,133969.0,4219096950.0,3150.0,260.0,3151.0,1534.0,0.0,0.0
2026-03-24 13:35:30.000000000,3151.0,133974.0,4219254480.0,3150.0,263.0,3151.0,1531.0,5.0,157530.0
2026-03-24 13:35:30.500000000,3151.0,133974.0,4219254480.0,3150.0,228.0,3151.0,1578.0,0.0,0.0
2026-03-24 13:35:31.000000000,3151.0,133974.0,4219254480.0,3150.0,168.0,3151.0,1578.0,0.0,0.0
2026-03-24 13:35:31.500000000,3150.0,133975.0,4219285980.0,3150.0,138.0,3151.0,1594.0,1.0,31500.0
2026-03-24 13:35:32.000000000,3150.0,133975.0,4219285980.0,3150.0,128.0,3151.0,1553.0,0.0,0.0
2026-03-24 13:35:32.500000000,3150.0,133977.0,4219348990.0,3150.0,126.0,3151.0,1552.0,2.0,63010.0
2026-03-24 13:35:33.000000000,3151.0,133978.0,4219380500.0,3150.0,138.0,3151.0,1535.0,1.0,31510.0
2026-03-24 13:35:33.500000000,3150.0,134020.0,4220703500.0,3150.0,152.0,3151.0,1535.0,42.0,1323000.0
2026-03-24 13:35:34.000000000,3150.0,134020.0,4220703500.0,3150.0,203.0,3151.0,1537.0,0.0,0.0
2026-03-24 13:35:34.500000000,3151.0,134041.0,4221365020.0,3150.0,172.0,3151.0,1535.0,21.0,661520.0
2026-03-24 13:35:35.000000000,3151.0,134041.0,4221365020.0,3150.0,91.0,3151.0,1535.0,0.0,0.0
2026-03-24 13:35:35.500000000,3151.0,134051.0,4221680120.0,3150.0,80.0,3151.0,1525.0,10.0,315100.0
2026-03-24 13:35:36.000000000,3151.0,134053.0,4221743130.0,3150.0,79.0,3151.0,1523.0,2.0,63010.0
2026-03-24 13:35:36.500000000,3150.0,134069.0,4222247230.0,3150.0,73.0,3151.0,1513.0,16.0,504100.0
2026-03-24 13:35:37.000001024,3151.0,134070.0,4222278740.0,3150.0,77.0,3151.0,1526.0,1.0,31510.0
2026-03-24 13:35:37.500000000,3151.0,134070.0,4222278740.0,3150.0,100.0,3151.0,1527.0,0.0,0.0
2026-03-24 13:35:38.000000000,3151.0,134070.0,4222278740.0,3150.0,100.0,3151.0,1513.0,0.0,0.0
2026-03-24 13:35:38.500000000,3151.0,134071.0,4222310250.0,3150.0,89.0,3151.0,1509.0,1.0,31510.0
2026-03-24 13:35:39.000000000,3150.0,134119.0,4223822250.0,3150.0,41.0,3151.0,1510.0,48.0,1512000.0
2026-03-24 13:35:39.500000000,3150.0,134122.0,4223916760.0,3150.0,49.0,3151.0,1430.0,3.0,94510.0
2026-03-24 13:35:40.000000000,3150.0,134123.0,4223948260.0,3150.0,49.0,3151.0,1430.0,1.0,31500.0
2026-03-24 13:35:40.500000000,3151.0,134124.0,4223979770.0,3150.0,49.0,3151.0,1515.0,1.0,31510.0
2026-03-24 13:35:41.000000000,3151.0,134124.0,4223979770.0,3150.0,50.0,3151.0,1518.0,0.0,0.0
2026-03-24 13:35:41.500000000,3151.0,134124.0,4223979770.0,3150.0,50.0,3151.0,1519.0,0.0,0.0
2026-03-24 13:35:42.000000000,3151.0,134124.0,4223979770.0,3150.0,87.0,3151.0,1507.0,0.0,0.0
2026-03-24 13:35:42.500000000,3150.0,134126.0,4224042770.0,3150.0,115.0,3151.0,1507.0,2.0,63000.0
2026-03-24 13:35:43.000000000,3150.0,134127.0,4224074270.0,3150.0,97.0,3151.0,1508.0,1.0,31500.0
2026-03-24 13:35:43.500000000,3151.0,134132.0,4224231820.0,3150.0,57.0,3151.0,1503.0,5.0,157550.0
2026-03-24 13:35:44.000000000,3151.0,134134.0,4224294840.0,3150.0,57.0,3151.0,1501.0,2.0,63020.0
2026-03-24 13:35:44.500000000,3150.0,134136.0,4224357840.0,3150.0,55.0,3151.0,1501.0,2.0,63000.0
2026-03-24 13:35:45.000000000,3150.0,134136.0,4224357840.0,3150.0,57.0,3151.0,1501.0,0.0,0.0
2026-03-24 13:35:45.500000000,3151.0,134140.0,4224483880.0,3150.0,68.0,3151.0,1497.0,4.0,126040.0
2026-03-24 13:35:46.000000000,3150.0,134141.0,4224515380.0,3150.0,67.0,3151.0,1500.0,1.0,31500.0
2026-03-24 13:35:46.500000000,3150.0,134163.0,4225208380.0,3150.0,45.0,3151.0,1500.0,22.0,693000.0
2026-03-24 13:35:47.000000000,3150.0,134222.0,4227066880.0,3149.0,1185.0,3150.0,63.0,59.0,1858500.0
2026-03-24 13:35:47.500000000,3150.0,134224.0,4227129880.0,3149.0,988.0,3150.0,677.0,2.0,63000.0
2026-03-24 13:35:48.000000000,3150.0,134226.0,4227192880.0,3149.0,984.0,3150.0,680.0,2.0,63000.0
2026-03-24 13:35:48.500000000,3150.0,134244.0,4227759830.0,3149.0,981.0,3150.0,652.0,18.0,566950.0
2026-03-24 13:35:49.000000000,3150.0,134245.0,4227791330.0,3149.0,970.0,3150.0,697.0,1.0,31500.0
2026-03-24 13:35:49.500000000,3150.0,134249.0,4227917310.0,3149.0,969.0,3150.0,696.0,4.0,125980.0
2026-03-24 13:35:50.000000000,3149.0,134252.0,4228011780.0,3149.0,968.0,3150.0,693.0,3.0,94470.0
2026-03-24 13:35:50.500000000,3150.0,134254.0,4228074770.0,3149.0,967.0,3150.0,686.0,2.0,62990.0
2026-03-24 13:35:51.000000000,3150.0,134349.0,4231067240.0,3149.0,964.0,3150.0,540.0,95.0,2992470.0
2026-03-24 13:35:51.500000000,3150.0,134349.0,4231067240.0,3149.0,966.0,3150.0,281.0,0.0,0.0
2026-03-24 13:35:52.000000000,3150.0,134349.0,4231067240.0,3149.0,966.0,3150.0,426.0,0.0,0.0
2026-03-24 13:35:52.500000000,3150.0,134350.0,4231098740.0,3149.0,966.0,3150.0,699.0,1.0,31500.0
2026-03-24 13:35:53.000000000,3150.0,134358.0,4231350720.0,3149.0,966.0,3150.0,696.0,8.0,251980.0
2026-03-24 13:35:53.500000000,3150.0,134365.0,4231571210.0,3149.0,967.0,3150.0,730.0,7.0,220490.0
2026-03-24 13:35:54.000000000,3150.0,134365.0,4231571210.0,3149.0,965.0,3150.0,761.0,0.0,0.0
2026-03-24 13:35:54.500000000,3150.0,134365.0,4231571210.0,3149.0,970.0,3150.0,763.0,0.0,0.0
2026-03-24 13:35:55.000000000,3149.0,134382.0,4232106700.0,3149.0,967.0,3150.0,747.0,17.0,535490.0
2026-03-24 13:35:55.500000000,3149.0,134382.0,4232106700.0,3149.0,969.0,3150.0,720.0,0.0,0.0
2026-03-24 13:35:56.000000000,3149.0,134383.0,4232138190.0,3149.0,968.0,3150.0,724.0,1.0,31490.0
2026-03-24 13:35:56.500000000,3150.0,134385.0,4232201190.0,3149.0,969.0,3150.0,731.0,2.0,63000.0
2026-03-24 13:35:57.000000000,3149.0,134393.0,4232453110.0,3149.0,961.0,3150.0,731.0,8.0,251920.0
2026-03-24 13:35:57.500000000,3149.0,134393.0,4232453110.0,3149.0,964.0,3150.0,734.0,0.0,0.0
2026-03-24 13:35:58.000000000,3149.0,134393.0,4232453110.0,3149.0,967.0,3150.0,729.0,0.0,0.0
2026-03-24 13:35:58.500000000,3150.0,134394.0,4232484610.0,3149.0,965.0,3150.0,733.0,1.0,31500.0
2026-03-24 13:35:59.000000000,3149.0,134395.0,4232516100.0,3149.0,970.0,3150.0,767.0,1.0,31490.0
2026-03-24 13:35:59.500000000,3150.0,134398.0,4232610590.0,3149.0,970.0,3150.0,766.0,3.0,94490.0
2026-03-24 13:36:00.000000000,3150.0,134398.0,4232610590.0,3149.0,970.0,3150.0,786.0,0.0,0.0
2026-03-24 13:36:00.500000000,3150.0,134416.0,4233177590.0,3149.0,971.0,3150.0,773.0,18.0,567000.0
2026-03-24 13:36:01.000000000,3149.0,134417.0,4233209080.0,3149.0,970.0,3150.0,778.0,1.0,31490.0
2026-03-24 13:36:01.500000000,3149.0,134423.0,4233398020.0,3149.0,964.0,3150.0,778.0,6.0,188940.0
2026-03-24 13:36:02.000000000,3149.0,134423.0,4233398020.0,3149.0,967.0,3150.0,809.0,0.0,0.0
2026-03-24 13:36:02.500000000,3149.0,134427.0,4233524010.0,3149.0,967.0,3150.0,813.0,4.0,125990.0
2026-03-24 13:36:03.000000000,3149.0,134429.0,4233587000.0,3149.0,965.0,3150.0,819.0,2.0,62990.0
2026-03-24 13:36:03.500000000,3149.0,134429.0,4233587000.0,3149.0,967.0,3150.0,824.0,0.0,0.0
2026-03-24 13:36:04.000000000,3149.0,134430.0,4233618490.0,3149.0,968.0,3150.0,824.0,1.0,31490.0
2026-03-24 13:36:04.500000000,3150.0,134432.0,4233681490.0,3149.0,968.0,3150.0,829.0,2.0,63000.0
2026-03-24 13:36:05.000000000,3150.0,134432.0,4233681490.0,3149.0,970.0,3150.0,832.0,0.0,0.0
2026-03-24 13:36:05.500000000,3150.0,134432.0,4233681490.0,3149.0,967.0,3150.0,832.0,0.0,0.0
2026-03-24 13:36:06.000000000,3150.0,134432.0,4233681490.0,3149.0,975.0,3150.0,832.0,0.0,0.0
2026-03-24 13:36:06.500000000,3150.0,134432.0,4233681490.0,3149.0,976.0,3150.0,833.0,0.0,0.0
2026-03-24 13:36:07.000000000,3150.0,134432.0,4233681490.0,3149.0,976.0,3150.0,833.0,0.0,0.0
2026-03-24 13:36:07.500000000,3149.0,134433.0,4233712980.0,3149.0,978.0,3150.0,837.0,1.0,31490.0
2026-03-24 13:36:08.000000000,3149.0,134444.0,4234059370.0,3149.0,972.0,3150.0,839.0,11.0,346390.0
2026-03-24 13:36:08.500000000,3149.0,134444.0,4234059370.0,3149.0,990.0,3150.0,845.0,0.0,0.0
2026-03-24 13:36:09.000000000,3149.0,134444.0,4234059370.0,3149.0,988.0,3150.0,845.0,0.0,0.0
2026-03-24 13:36:09.500000000,3149.0,134445.0,4234090860.0,3149.0,984.0,3150.0,849.0,1.0,31490.0
2026-03-24 13:36:10.000000000,3149.0,134448.0,4234185350.0,3149.0,985.0,3150.0,992.0,3.0,94490.0
2026-03-24 13:36:10.500000000,3150.0,134449.0,4234216850.0,3149.0,918.0,3150.0,997.0,1.0,31500.0
2026-03-24 13:36:11.000000000,3150.0,134449.0,4234216850.0,3149.0,918.0,3150.0,874.0,0.0,0.0
2026-03-24 13:36:11.500000000,3150.0,134450.0,4234248350.0,3149.0,922.0,3150.0,874.0,1.0,31500.0
2026-03-24 13:36:12.000000000,3150.0,134450.0,4234248350.0,3149.0,923.0,3150.0,875.0,0.0,0.0
2026-03-24 13:36:12.500000000,3150.0,134451.0,4234279850.0,3149.0,862.0,3150.0,877.0,1.0,31500.0
2026-03-24 13:36:13.000000000,3150.0,134453.0,4234342840.0,3149.0,865.0,3150.0,876.0,2.0,62990.0
2026-03-24 13:36:13.500000000,3150.0,134453.0,4234342840.0,3149.0,859.0,3150.0,878.0,0.0,0.0
2026-03-24 13:36:14.000000000,3150.0,134454.0,4234374340.0,3149.0,860.0,3150.0,877.0,1.0,31500.0
2026-03-24 13:36:14.500000000,3150.0,134455.0,4234405840.0,3149.0,873.0,3150.0,877.0,1.0,31500.0
2026-03-24 13:36:15.000000000,3150.0,134456.0,4234437340.0,3149.0,877.0,3150.0,881.0,1.0,31500.0
2026-03-24 13:36:15.500000000,3149.0,134457.0,4234468830.0,3149.0,876.0,3150.0,887.0,1.0,31490.0
2026-03-24 13:36:16.000000000,3150.0,134458.0,4234500330.0,3149.0,878.0,3150.0,891.0,1.0,31500.0
2026-03-24 13:36:16.500000000,3150.0,134458.0,4234500330.0,3149.0,880.0,3150.0,891.0,0.0,0.0
2026-03-24 13:36:17.000000000,3150.0,134458.0,4234500330.0,3149.0,880.0,3150.0,871.0,0.0,0.0
2026-03-24 13:36:17.500000000,3150.0,134458.0,4234500330.0,3149.0,878.0,3150.0,871.0,0.0,0.0
2026-03-24 13:36:18.000000000,3149.0,134462.0,4234626290.0,3149.0,886.0,3150.0,871.0,4.0,125960.0
2026-03-24 13:36:18.500000000,3149.0,134463.0,4234657780.0,3149.0,885.0,3150.0,871.0,1.0,31490.0
2026-03-24 13:36:19.000000000,3149.0,134463.0,4234657780.0,3149.0,880.0,3150.0,872.0,0.0,0.0
2026-03-24 13:36:19.500000000,3149.0,134463.0,4234657780.0,3149.0,881.0,3150.0,888.0,0.0,0.0
2026-03-24 13:36:20.000000000,3149.0,134464.0,4234689270.0,3149.0,882.0,3150.0,963.0,1.0,31490.0
2026-03-24 13:36:20.500000000,3150.0,134466.0,4234752270.0,3149.0,867.0,3150.0,964.0,2.0,63000.0
2026-03-24 13:36:21.000000000,3150.0,134466.0,4234752270.0,3149.0,882.0,3150.0,965.0,0.0,0.0
2026-03-24 13:36:21.500000000,3149.0,134467.0,4234783760.0,3149.0,877.0,3150.0,984.0,1.0,31490.0
2026-03-24 13:36:22.000000000,3149.0,134469.0,4234846740.0,3149.0,865.0,3150.0,984.0,2.0,62980.0
2026-03-24 13:36:22.500000000,3150.0,134475.0,4235035740.0,3149.0,880.0,3150.0,1000.0,6.0,189000.0
2026-03-24 13:36:23.000000000,3149.0,134483.0,4235287660.0,3149.0,875.0,3150.0,982.0,8.0,251920.0
2026-03-24 13:36:23.500000000,3149.0,134486.0,4235382140.0,3149.0,873.0,3150.0,981.0,3.0,94480.0
2026-03-24 13:36:24.000000000,3149.0,134486.0,4235382140.0,3149.0,879.0,3150.0,983.0,0.0,0.0
2026-03-24 13:36:24.500000000,3149.0,134488.0,4235445130.0,3149.0,879.0,3150.0,983.0,2.0,62990.0
2026-03-24 13:36:25.000000000,3149.0,134488.0,4235445130.0,3149.0,879.0,3150.0,987.0,0.0,0.0
2026-03-24 13:36:25.500000000,3150.0,134493.0,4235602630.0,3149.0,877.0,3150.0,983.0,5.0,157500.0
2026-03-24 13:36:26.000000000,3150.0,134495.0,4235665620.0,3149.0,872.0,3150.0,982.0,2.0,62990.0
2026-03-24 13:36:26.500000000,3150.0,134495.0,4235665620.0,3149.0,874.0,3150.0,982.0,0.0,0.0
2026-03-24 13:36:27.000000000,3149.0,134497.0,4235728600.0,3149.0,857.0,3150.0,1000.0,2.0,62980.0
2026-03-24 13:36:27.500000000,3149.0,134499.0,4235791580.0,3149.0,859.0,3150.0,1003.0,2.0,62980.0
2026-03-24 13:36:28.000000000,3149.0,134500.0,4235823070.0,3149.0,858.0,3150.0,1003.0,1.0,31490.0
2026-03-24 13:36:28.500000000,3150.0,134507.0,4236043520.0,3149.0,853.0,3150.0,909.0,7.0,220450.0
2026-03-24 13:36:29.000000000,3150.0,134507.0,4236043520.0,3149.0,851.0,3150.0,910.0,0.0,0.0
2026-03-24 13:36:29.500000000,3150.0,134507.0,4236043520.0,3149.0,848.0,3150.0,911.0,0.0,0.0
2026-03-24 13:36:30.000000000,3149.0,134508.0,4236075010.0,3149.0,850.0,3150.0,987.0,1.0,31490.0
2026-03-24 13:36:30.500000000,3149.0,134512.0,4236200990.0,3149.0,856.0,3150.0,986.0,4.0,125980.0
2026-03-24 13:36:31.000000000,3149.0,134515.0,4236295460.0,3149.0,851.0,3150.0,986.0,3.0,94470.0
2026-03-24 13:36:31.500000000,3149.0,134515.0,4236295460.0,3149.0,855.0,3150.0,907.0,0.0,0.0
2026-03-24 13:36:32.000000000,3149.0,134515.0,4236295460.0,3149.0,854.0,3150.0,907.0,0.0,0.0
2026-03-24 13:36:32.500000000,3149.0,134518.0,4236389930.0,3149.0,851.0,3150.0,925.0,3.0,94470.0
2026-03-24 13:36:33.000000000,3149.0,134520.0,4236452910.0,3149.0,849.0,3150.0,1000.0,2.0,62980.0
2026-03-24 13:36:33.500000000,3149.0,134522.0,4236515890.0,3149.0,848.0,3150.0,1022.0,2.0,62980.0
2026-03-24 13:36:34.000000000,3149.0,134522.0,4236515890.0,3149.0,848.0,3150.0,1012.0,0.0,0.0
2026-03-24 13:36:34.500000000,3149.0,134525.0,4236610360.0,3149.0,856.0,3150.0,1013.0,3.0,94470.0
2026-03-24 13:36:35.000000000,3149.0,134526.0,4236641850.0,3149.0,844.0,3150.0,1013.0,1.0,31490.0
2026-03-24 13:36:35.500000000,3150.0,134531.0,4236799350.0,3149.0,844.0,3150.0,1008.0,5.0,157500.0
2026-03-24 13:36:36.000000000,3149.0,134533.0,4236862330.0,3149.0,841.0,3150.0,933.0,2.0,62980.0
2026-03-24 13:36:36.500000000,3150.0,134534.0,4236893830.0,3149.0,847.0,3150.0,927.0,1.0,31500.0
2026-03-24 13:36:37.000000000,3149.0,134545.0,4237240230.0,3149.0,847.0,3150.0,927.0,11.0,346400.0
2026-03-24 13:36:37.500000000,3149.0,134548.0,4237334720.0,3149.0,847.0,3150.0,924.0,3.0,94490.0
2026-03-24 13:36:38.000000000,3149.0,134556.0,4237586640.0,3149.0,839.0,3150.0,910.0,8.0,251920.0
2026-03-24 13:36:38.500000000,3149.0,134557.0,4237618130.0,3149.0,851.0,3150.0,913.0,1.0,31490.0
2026-03-24 13:36:39.000000000,3150.0,134562.0,4237775590.0,3149.0,849.0,3150.0,915.0,5.0,157460.0
2026-03-24 13:36:39.500000000,3149.0,134564.0,4237838580.0,3149.0,851.0,3150.0,922.0,2.0,62990.0
2026-03-24 13:36:40.000000000,3149.0,134564.0,4237838580.0,3149.0,912.0,3150.0,924.0,0.0,0.0
2026-03-24 13:36:40.500000000,3149.0,134566.0,4237901570.0,3149.0,917.0,3150.0,922.0,2.0,62990.0
2026-03-24 13:36:41.000000000,3149.0,134567.0,4237933060.0,3149.0,921.0,3150.0,922.0,1.0,31490.0
2026-03-24 13:36:41.500000000,3150.0,134568.0,4237964560.0,3149.0,922.0,3150.0,922.0,1.0,31500.0
2026-03-24 13:36:42.000000000,3150.0,134570.0,4238027560.0,3149.0,922.0,3150.0,920.0,2.0,63000.0
2026-03-24 13:36:42.500000000,3149.0,134571.0,4238059050.0,3149.0,921.0,3150.0,920.0,1.0,31490.0
2026-03-24 13:36:43.000000000,3150.0,134573.0,4238122040.0,3149.0,927.0,3150.0,922.0,2.0,62990.0
2026-03-24 13:36:43.500000000,3150.0,134586.0,4238531440.0,3149.0,917.0,3150.0,919.0,13.0,409400.0
2026-03-24 13:36:44.000000000,3150.0,134586.0,4238531440.0,3149.0,919.0,3150.0,925.0,0.0,0.0
2026-03-24 13:36:44.500000000,3150.0,134586.0,4238531440.0,3149.0,919.0,3150.0,928.0,0.0,0.0
2026-03-24 13:36:45.000000000,3149.0,134587.0,4238562930.0,3149.0,918.0,3150.0,939.0,1.0,31490.0
2026-03-24 13:36:45.500000000,3149.0,134587.0,4238562930.0,3149.0,920.0,3150.0,939.0,0.0,0.0
2026-03-24 13:36:46.000000000,3149.0,134587.0,4238562930.0,3149.0,920.0,3150.0,1017.0,0.0,0.0
2026-03-24 13:36:46.500000000,3149.0,134587.0,4238562930.0,3149.0,922.0,3150.0,1006.0,0.0,0.0
2026-03-24 13:36:47.000000000,3149.0,134591.0,4238688890.0,3149.0,917.0,3150.0,1003.0,4.0,125960.0
2026-03-24 13:36:47.500000000,3150.0,134592.0,4238720390.0,3149.0,919.0,3150.0,1005.0,1.0,31500.0
2026-03-24 13:36:48.000000000,3149.0,134596.0,4238846380.0,3149.0,922.0,3150.0,1006.0,4.0,125990.0
2026-03-24 13:36:48.500000000,3149.0,134654.0,4240672830.0,3149.0,868.0,3150.0,1003.0,58.0,1826450.0
2026-03-24 13:36:49.000000000,3149.0,134655.0,4240704320.0,3149.0,867.0,3150.0,1003.0,1.0,31490.0
2026-03-24 13:36:49.500000000,3149.0,134655.0,4240704320.0,3149.0,867.0,3150.0,1003.0,0.0,0.0
2026-03-24 13:36:50.000000000,3149.0,134655.0,4240704320.0,3149.0,868.0,3150.0,1003.0,0.0,0.0
2026-03-24 13:36:50.500000000,3149.0,134661.0,4240893260.0,3149.0,863.0,3150.0,1014.0,6.0,188940.0
2026-03-24 13:36:51.000000000,3149.0,134661.0,4240893260.0,3149.0,863.0,3150.0,939.0,0.0,0.0
2026-03-24 13:36:51.500000000,3149.0,134662.0,4240924750.0,3149.0,834.0,3150.0,928.0,1.0,31490.0
2026-03-24 13:36:52.000000000,3150.0,134664.0,4240987750.0,3149.0,834.0,3150.0,925.0,2.0,63000.0
2026-03-24 13:36:52.500000000,3150.0,134667.0,4241082240.0,3149.0,836.0,3150.0,923.0,3.0,94490.0
2026-03-24 13:36:53.000000000,3149.0,134668.0,4241113730.0,3149.0,835.0,3150.0,937.0,1.0,31490.0
2026-03-24 13:36:53.500000000,3149.0,134686.0,4241680560.0,3149.0,820.0,3150.0,937.0,18.0,566830.0
2026-03-24 13:36:54.000000000,3149.0,134761.0,4244042310.0,3149.0,742.0,3150.0,939.0,75.0,2361750.0
2026-03-24 13:36:54.500000000,3149.0,134763.0,4244105300.0,3149.0,716.0,3150.0,935.0,2.0,62990.0
2026-03-24 13:36:55.000000000,3149.0,134776.0,4244514670.0,3149.0,703.0,3150.0,943.0,13.0,409370.0
2026-03-24 13:36:55.500000000,3149.0,134809.0,4245553850.0,3149.0,671.0,3150.0,948.0,33.0,1039180.0
2026-03-24 13:36:56.000000000,3150.0,134811.0,4245616850.0,3149.0,670.0,3150.0,951.0,2.0,63000.0
2026-03-24 13:36:56.500000000,3149.0,134812.0,4245648340.0,3149.0,659.0,3150.0,828.0,1.0,31490.0
2026-03-24 13:36:57.000000000,3149.0,134833.0,4246309630.0,3149.0,636.0,3150.0,847.0,21.0,661290.0
2026-03-24 13:36:57.500000000,3150.0,134838.0,4246467110.0,3149.0,636.0,3150.0,845.0,5.0,157480.0
2026-03-24 13:36:58.000000000,3150.0,134838.0,4246467110.0,3149.0,634.0,3150.0,919.0,0.0,0.0
2026-03-24 13:36:58.500000000,3149.0,134839.0,4246498600.0,3149.0,635.0,3150.0,917.0,1.0,31490.0
2026-03-24 13:36:59.000000000,3150.0,134842.0,4246593100.0,3149.0,633.0,3150.0,915.0,3.0,94500.0
2026-03-24 13:36:59.500000000,3149.0,134845.0,4246687590.0,3149.0,632.0,3150.0,844.0,3.0,94490.0
2026-03-24 13:37:00.000000000,3150.0,134864.0,4247285940.0,3149.0,635.0,3150.0,840.0,19.0,598350.0
2026-03-24 13:37:00.500000000,3150.0,134864.0,4247285940.0,3149.0,625.0,3150.0,908.0,0.0,0.0
2026-03-24 13:37:01.000000000,3150.0,135046.0,4253018720.0,3149.0,609.0,3150.0,747.0,182.0,5732780.0
2026-03-24 13:37:01.500000000,3150.0,135046.0,4253018720.0,3149.0,626.0,3150.0,775.0,0.0,0.0
2026-03-24 13:37:02.000000000,3150.0,135046.0,4253018720.0,3149.0,628.0,3150.0,777.0,0.0,0.0
2026-03-24 13:37:02.500000000,3150.0,135047.0,4253050220.0,3149.0,655.0,3150.0,788.0,1.0,31500.0
2026-03-24 13:37:03.000000000,3150.0,135047.0,4253050220.0,3149.0,657.0,3150.0,788.0,0.0,0.0
2026-03-24 13:37:03.500000000,3149.0,135049.0,4253113200.0,3149.0,662.0,3150.0,788.0,2.0,62980.0
2026-03-24 13:37:04.000000000,3149.0,135049.0,4253113200.0,3149.0,663.0,3150.0,788.0,0.0,0.0
2026-03-24 13:37:04.500000000,3149.0,135052.0,4253207670.0,3149.0,663.0,3150.0,789.0,3.0,94470.0
2026-03-24 13:37:05.000000000,3150.0,135054.0,4253270660.0,3149.0,662.0,3150.0,788.0,2.0,62990.0
2026-03-24 13:37:05.500000000,3150.0,135054.0,4253270660.0,3149.0,663.0,3150.0,789.0,0.0,0.0
2026-03-24 13:37:06.000000000,3150.0,135054.0,4253270660.0,3149.0,663.0,3150.0,789.0,0.0,0.0
2026-03-24 13:37:06.500000000,3150.0,135054.0,4253270660.0,3149.0,665.0,3150.0,789.0,0.0,0.0
2026-03-24 13:37:07.000000000,3150.0,135054.0,4253270660.0,3149.0,666.0,3150.0,789.0,0.0,0.0
2026-03-24 13:37:07.500000000,3149.0,135057.0,4253365130.0,3149.0,663.0,3150.0,790.0,3.0,94470.0
2026-03-24 13:37:08.000000000,3149.0,135057.0,4253365130.0,3149.0,663.0,3150.0,790.0,0.0,0.0
2026-03-24 13:37:08.500000000,3149.0,135057.0,4253365130.0,3149.0,663.0,3150.0,791.0,0.0,0.0
2026-03-24 13:37:09.000000000,3149.0,135057.0,4253365130.0,3149.0,660.0,3150.0,792.0,0.0,0.0
2026-03-24 13:37:09.500000000,3149.0,135060.0,4253459600.0,3149.0,663.0,3150.0,792.0,3.0,94470.0
2026-03-24 13:37:10.000000000,3149.0,135060.0,4253459600.0,3149.0,658.0,3150.0,792.0,0.0,0.0
2026-03-24 13:37:10.500000000,3149.0,135061.0,4253491090.0,3149.0,659.0,3150.0,791.0,1.0,31490.0
2026-03-24 13:37:11.000000000,3149.0,135061.0,4253491090.0,3149.0,662.0,3150.0,791.0,0.0,0.0
2026-03-24 13:37:11.500000000,3150.0,135063.0,4253554090.0,3149.0,662.0,3150.0,790.0,2.0,63000.0
2026-03-24 13:37:12.000000000,3150.0,135063.0,4253554090.0,3149.0,665.0,3150.0,790.0,0.0,0.0
2026-03-24 13:37:12.500000000,3150.0,135067.0,4253680070.0,3149.0,692.0,3150.0,788.0,4.0,125980.0
2026-03-24 13:37:13.000000000,3150.0,135069.0,4253743070.0,3149.0,699.0,3150.0,791.0,2.0,63000.0
2026-03-24 13:37:13.500000000,3149.0,135071.0,4253806050.0,3149.0,698.0,3150.0,765.0,2.0,62980.0
2026-03-24 13:37:14.000000000,3149.0,135071.0,4253806050.0,3149.0,697.0,3150.0,766.0,0.0,0.0
2026-03-24 13:37:14.500000000,3149.0,135082.0,4254152440.0,3149.0,686.0,3150.0,771.0,11.0,346390.0
2026-03-24 13:37:15.000000000,3150.0,135083.0,4254183940.0,3149.0,703.0,3150.0,772.0,1.0,31500.0
2026-03-24 13:37:15.500000000,3150.0,135094.0,4254530440.0,3149.0,703.0,3150.0,762.0,11.0,346500.0
2026-03-24 13:37:16.000000000,3149.0,135095.0,4254561930.0,3149.0,809.0,3150.0,762.0,1.0,31490.0
2026-03-24 13:37:16.500000000,3150.0,135097.0,4254624920.0,3149.0,702.0,3150.0,758.0,2.0,62990.0
2026-03-24 13:37:17.000000000,3149.0,135104.0,4254845350.0,3149.0,695.0,3150.0,753.0,7.0,220430.0
2026-03-24 13:37:17.500000000,3149.0,135106.0,4254908340.0,3149.0,694.0,3150.0,679.0,2.0,62990.0
2026-03-24 13:37:18.000000000,3149.0,135106.0,4254908340.0,3149.0,694.0,3150.0,691.0,0.0,0.0
2026-03-24 13:37:18.500000000,3149.0,135111.0,4255065800.0,3149.0,693.0,3150.0,689.0,5.0,157460.0
2026-03-24 13:37:19.000000000,3149.0,135112.0,4255097290.0,3149.0,693.0,3150.0,692.0,1.0,31490.0
2026-03-24 13:37:19.500000000,3149.0,135112.0,4255097290.0,3149.0,690.0,3150.0,691.0,0.0,0.0
2026-03-24 13:37:20.000000000,3149.0,135116.0,4255223280.0,3149.0,689.0,3150.0,688.0,4.0,125990.0
2026-03-24 13:37:20.500000000,3150.0,135118.0,4255286270.0,3149.0,688.0,3150.0,691.0,2.0,62990.0
2026-03-24 13:37:21.000000000,3150.0,135118.0,4255286270.0,3149.0,719.0,3150.0,694.0,0.0,0.0
2026-03-24 13:37:21.500000000,3150.0,135118.0,4255286270.0,3149.0,721.0,3150.0,697.0,0.0,0.0
2026-03-24 13:37:22.000000000,3149.0,135120.0,4255349250.0,3149.0,720.0,3150.0,698.0,2.0,62980.0
2026-03-24 13:37:22.500000000,3149.0,135142.0,4256042190.0,3149.0,714.0,3150.0,762.0,22.0,692940.0
2026-03-24 13:37:23.000000000,3149.0,135142.0,4256042190.0,3149.0,716.0,3150.0,844.0,0.0,0.0
2026-03-24 13:37:23.500000000,3149.0,135144.0,4256105180.0,3149.0,720.0,3150.0,843.0,2.0,62990.0
2026-03-24 13:37:24.000000000,3149.0,135145.0,4256136670.0,3149.0,724.0,3150.0,843.0,1.0,31490.0
2026-03-24 13:37:24.500000000,3149.0,135152.0,4256357100.0,3149.0,718.0,3150.0,920.0,7.0,220430.0
2026-03-24 13:37:25.000000000,3149.0,135152.0,4256357100.0,3149.0,720.0,3150.0,941.0,0.0,0.0
2026-03-24 13:37:25.500000000,3149.0,135152.0,4256357100.0,3149.0,719.0,3150.0,935.0,0.0,0.0
2026-03-24 13:37:26.000000000,3149.0,135152.0,4256357100.0,3149.0,719.0,3150.0,914.0,0.0,0.0
2026-03-24 13:37:26.500000000,3150.0,135154.0,4256420100.0,3149.0,716.0,3150.0,912.0,2.0,63000.0
2026-03-24 13:37:27.000000000,3150.0,135159.0,4256577560.0,3149.0,710.0,3150.0,911.0,5.0,157460.0
2026-03-24 13:37:27.500000000,3149.0,135162.0,4256672030.0,3149.0,706.0,3150.0,910.0,3.0,94470.0
2026-03-24 13:37:28.000000000,3150.0,135163.0,4256703530.0,3149.0,708.0,3150.0,909.0,1.0,31500.0
2026-03-24 13:37:28.500000000,3149.0,135164.0,4256735020.0,3149.0,705.0,3150.0,914.0,1.0,31490.0
2026-03-24 13:37:29.000000000,3149.0,135165.0,4256766510.0,3149.0,701.0,3150.0,914.0,1.0,31490.0
2026-03-24 13:37:29.500000000,3149.0,135169.0,4256892500.0,3149.0,699.0,3150.0,912.0,4.0,125990.0
2026-03-24 13:37:30.000000000,3150.0,135170.0,4256924000.0,3149.0,699.0,3150.0,911.0,1.0,31500.0
2026-03-24 13:37:30.500000000,3149.0,135172.0,4256986980.0,3149.0,697.0,3150.0,911.0,2.0,62980.0
2026-03-24 13:37:31.000000000,3149.0,135176.0,4257112940.0,3149.0,694.0,3150.0,913.0,4.0,125960.0
2026-03-24 13:37:31.500000000,3150.0,135181.0,4257270430.0,3149.0,695.0,3150.0,910.0,5.0,157490.0
2026-03-24 13:37:32.000000000,3150.0,135181.0,4257270430.0,3149.0,702.0,3150.0,928.0,0.0,0.0
2026-03-24 13:37:32.500000000,3150.0,135181.0,4257270430.0,3149.0,703.0,3150.0,928.0,0.0,0.0
2026-03-24 13:37:33.000000000,3149.0,135182.0,4257301920.0,3149.0,703.0,3150.0,926.0,1.0,31490.0
2026-03-24 13:37:33.500000000,3149.0,135195.0,4257711290.0,3149.0,703.0,3150.0,906.0,13.0,409370.0
2026-03-24 13:37:34.000000000,3150.0,135197.0,4257774280.0,3149.0,704.0,3150.0,905.0,2.0,62990.0
2026-03-24 13:37:34.500000000,3149.0,135199.0,4257837260.0,3149.0,705.0,3150.0,933.0,2.0,62980.0
2026-03-24 13:37:35.000000000,3149.0,135201.0,4257900240.0,3149.0,690.0,3150.0,933.0,2.0,62980.0
2026-03-24 13:37:35.500000000,3149.0,135204.0,4257994710.0,3149.0,682.0,3150.0,933.0,3.0,94470.0
2026-03-24 13:37:36.000000000,3149.0,135204.0,4257994710.0,3149.0,685.0,3150.0,928.0,0.0,0.0
2026-03-24 13:37:36.500000000,3149.0,135215.0,4258341100.0,3149.0,674.0,3150.0,944.0,11.0,346390.0
2026-03-24 13:37:37.000000000,3149.0,135215.0,4258341100.0,3149.0,623.0,3150.0,944.0,0.0,0.0
2026-03-24 13:37:37.500000000,3149.0,135219.0,4258467060.0,3149.0,611.0,3150.0,864.0,4.0,125960.0
2026-03-24 13:37:38.000000000,3149.0,135221.0,4258530050.0,3149.0,610.0,3150.0,847.0,2.0,62990.0
2026-03-24 13:37:38.500000000,3150.0,135223.0,4258593040.0,3149.0,615.0,3150.0,850.0,2.0,62990.0
2026-03-24 13:37:39.000000000,3150.0,135223.0,4258593040.0,3149.0,615.0,3150.0,935.0,0.0,0.0
2026-03-24 13:37:39.500000000,3149.0,135224.0,4258624530.0,3149.0,602.0,3150.0,935.0,1.0,31490.0
2026-03-24 13:37:40.000000000,3149.0,135229.0,4258781980.0,3149.0,600.0,3150.0,937.0,5.0,157450.0
2026-03-24 13:37:40.500000000,3149.0,135229.0,4258781980.0,3149.0,601.0,3150.0,937.0,0.0,0.0
2026-03-24 13:37:41.000000000,3149.0,135234.0,4258939430.0,3149.0,594.0,3150.0,937.0,5.0,157450.0
2026-03-24 13:37:41.500000000,3149.0,135237.0,4259033900.0,3149.0,606.0,3150.0,863.0,3.0,94470.0
2026-03-24 13:37:42.000000000,3149.0,135237.0,4259033900.0,3149.0,690.0,3150.0,864.0,0.0,0.0
2026-03-24 13:37:42.500000000,3149.0,135241.0,4259159860.0,3149.0,712.0,3150.0,868.0,4.0,125960.0
2026-03-24 13:37:43.000000000,3150.0,135245.0,4259285860.0,3149.0,718.0,3150.0,865.0,4.0,126000.0
2026-03-24 13:37:43.500000000,3150.0,135245.0,4259285860.0,3149.0,739.0,3150.0,865.0,0.0,0.0
2026-03-24 13:37:44.000000000,3149.0,135246.0,4259317350.0,3149.0,737.0,3150.0,777.0,1.0,31490.0
2026-03-24 13:37:44.500000000,3149.0,135246.0,4259317350.0,3149.0,748.0,3150.0,777.0,0.0,0.0
2026-03-24 13:37:45.000000000,3149.0,135247.0,4259348840.0,3149.0,748.0,3150.0,778.0,1.0,31490.0
2026-03-24 13:37:45.500000000,3150.0,135254.0,4259569340.0,3149.0,745.0,3150.0,772.0,7.0,220500.0
2026-03-24 13:37:46.000000000,3149.0,135255.0,4259600830.0,3149.0,744.0,3150.0,697.0,1.0,31490.0
2026-03-24 13:37:46.500000000,3149.0,135256.0,4259632320.0,3149.0,745.0,3150.0,697.0,1.0,31490.0
2026-03-24 13:37:47.000000000,3149.0,135256.0,4259632320.0,3149.0,745.0,3150.0,697.0,0.0,0.0
2026-03-24 13:37:47.500000000,3149.0,135258.0,4259695310.0,3149.0,744.0,3150.0,696.0,2.0,62990.0
2026-03-24 13:37:48.000000000,3149.0,135258.0,4259695310.0,3149.0,805.0,3150.0,702.0,0.0,0.0
2026-03-24 13:37:48.500000000,3149.0,135258.0,4259695310.0,3149.0,805.0,3150.0,702.0,0.0,0.0
2026-03-24 13:37:49.000000000,3149.0,135258.0,4259695310.0,3149.0,805.0,3150.0,702.0,0.0,0.0
2026-03-24 13:37:49.500000000,3150.0,135259.0,4259726810.0,3149.0,806.0,3150.0,696.0,1.0,31500.0
2026-03-24 13:37:50.000000000,3150.0,135259.0,4259726810.0,3149.0,806.0,3150.0,697.0,0.0,0.0
2026-03-24 13:37:50.500000000,3150.0,135274.0,4260199190.0,3149.0,795.0,3150.0,669.0,15.0,472380.0
2026-03-24 13:37:51.000000000,3150.0,135275.0,4260230690.0,3149.0,805.0,3150.0,669.0,1.0,31500.0
2026-03-24 13:37:51.500000000,3150.0,135277.0,4260293690.0,3149.0,805.0,3150.0,662.0,2.0,63000.0
2026-03-24 13:37:52.000000000,3149.0,135280.0,4260388170.0,3149.0,808.0,3150.0,630.0,3.0,94480.0
2026-03-24 13:37:52.500000000,3150.0,135284.0,4260514140.0,3149.0,806.0,3150.0,625.0,4.0,125970.0
2026-03-24 13:37:53.000000000,3150.0,135284.0,4260514140.0,3149.0,804.0,3150.0,630.0,0.0,0.0
2026-03-24 13:37:53.500000000,3149.0,135287.0,4260608610.0,3149.0,780.0,3150.0,623.0,3.0,94470.0
2026-03-24 13:37:54.000000000,3149.0,135287.0,4260608610.0,3149.0,780.0,3150.0,564.0,0.0,0.0
2026-03-24 13:37:54.500000000,3149.0,135291.0,4260734570.0,3149.0,779.0,3150.0,564.0,4.0,125960.0
2026-03-24 13:37:55.000000000,3149.0,135293.0,4260797550.0,3149.0,778.0,3150.0,563.0,2.0,62980.0
2026-03-24 13:37:55.500000000,3149.0,135293.0,4260797550.0,3149.0,782.0,3150.0,613.0,0.0,0.0
2026-03-24 13:37:56.000000000,3149.0,135296.0,4260892020.0,3149.0,782.0,3150.0,563.0,3.0,94470.0
2026-03-24 13:37:56.500000000,3149.0,135296.0,4260892020.0,3149.0,783.0,3150.0,564.0,0.0,0.0
2026-03-24 13:37:57.000000000,3150.0,135298.0,4260955020.0,3149.0,785.0,3150.0,587.0,2.0,63000.0
2026-03-24 13:37:57.500000000,3149.0,135315.0,4261490350.0,3149.0,771.0,3150.0,584.0,17.0,535330.0
2026-03-24 13:37:58.000000000,3149.0,135316.0,4261521840.0,3149.0,770.0,3150.0,651.0,1.0,31490.0
2026-03-24 13:37:58.500000000,3149.0,135318.0,4261584820.0,3149.0,771.0,3150.0,670.0,2.0,62980.0
2026-03-24 13:37:59.000000000,3149.0,135323.0,4261742270.0,3149.0,767.0,3150.0,669.0,5.0,157450.0
2026-03-24 13:37:59.500000000,3149.0,135396.0,4264041050.0,3149.0,694.0,3150.0,646.0,73.0,2298780.0
2026-03-24 13:38:00.000000000,3149.0,135399.0,4264135520.0,3149.0,700.0,3150.0,623.0,3.0,94470.0
2026-03-24 13:38:00.500000000,3150.0,135401.0,4264198520.0,3149.0,821.0,3150.0,630.0,2.0,63000.0
2026-03-24 13:38:01.000000000,3149.0,135453.0,4265836010.0,3149.0,775.0,3150.0,631.0,52.0,1637490.0
2026-03-24 13:38:01.500000000,3149.0,135454.0,4265867500.0,3149.0,678.0,3150.0,631.0,1.0,31490.0
2026-03-24 13:38:02.000000000,3149.0,135454.0,4265867500.0,3149.0,692.0,3150.0,640.0,0.0,0.0
2026-03-24 13:38:02.500000000,3149.0,135454.0,4265867500.0,3149.0,696.0,3150.0,631.0,0.0,0.0
2026-03-24 13:38:03.000000000,3149.0,135454.0,4265867500.0,3149.0,697.0,3150.0,633.0,0.0,0.0
2026-03-24 13:38:03.500000000,3149.0,135455.0,4265898990.0,3149.0,696.0,3150.0,706.0,1.0,31490.0
2026-03-24 13:38:04.000000000,3149.0,135455.0,4265898990.0,3149.0,667.0,3150.0,734.0,0.0,0.0
2026-03-24 13:38:04.500000000,3150.0,135461.0,4266087960.0,3149.0,662.0,3150.0,735.0,6.0,188970.0
2026-03-24 13:38:05.000000000,3149.0,135481.0,4266717760.0,3149.0,642.0,3150.0,738.0,20.0,629800.0
2026-03-24 13:38:05.500000000,3149.0,135482.0,4266749250.0,3149.0,641.0,3150.0,738.0,1.0,31490.0
2026-03-24 13:38:06.000000000,3149.0,135483.0,4266780740.0,3149.0,640.0,3150.0,735.0,1.0,31490.0
2026-03-24 13:38:06.500000000,3149.0,135483.0,4266780740.0,3149.0,640.0,3150.0,739.0,0.0,0.0
2026-03-24 13:38:07.000000000,3150.0,135484.0,4266812240.0,3149.0,641.0,3150.0,738.0,1.0,31500.0
2026-03-24 13:38:07.500000000,3149.0,135485.0,4266843730.0,3149.0,640.0,3150.0,738.0,1.0,31490.0
2026-03-24 13:38:08.000000000,3149.0,135485.0,4266843730.0,3149.0,651.0,3150.0,739.0,0.0,0.0
2026-03-24 13:38:08.500000000,3150.0,135492.0,4267064210.0,3149.0,651.0,3150.0,734.0,7.0,220480.0
2026-03-24 13:38:09.000000000,3149.0,135494.0,4267127190.0,3149.0,649.0,3150.0,722.0,2.0,62980.0
2026-03-24 13:38:09.500000000,3149.0,135499.0,4267284650.0,3149.0,644.0,3150.0,732.0,5.0,157460.0
2026-03-24 13:38:10.000000000,3149.0,135505.0,4267473640.0,3149.0,643.0,3150.0,728.0,6.0,188990.0
2026-03-24 13:38:10.500000000,3149.0,135505.0,4267473640.0,3149.0,644.0,3150.0,728.0,0.0,0.0
2026-03-24 13:38:11.000000000,3150.0,135564.0,4269331570.0,3149.0,587.0,3150.0,727.0,59.0,1857930.0
2026-03-24 13:38:11.500000000,3149.0,135569.0,4269489060.0,3149.0,593.0,3150.0,742.0,5.0,157490.0
2026-03-24 13:38:12.000000000,3149.0,135569.0,4269489060.0,3149.0,612.0,3150.0,742.0,0.0,0.0
2026-03-24 13:38:12.500000000,3150.0,135609.0,4270749060.0,3149.0,618.0,3150.0,701.0,40.0,1260000.0
2026-03-24 13:38:13.000000000,3150.0,135612.0,4270843550.0,3149.0,620.0,3150.0,680.0,3.0,94490.0
2026-03-24 13:38:13.500000000,3149.0,135613.0,4270875040.0,3149.0,629.0,3150.0,679.0,1.0,31490.0
2026-03-24 13:38:14.000000000,3149.0,135615.0,4270938020.0,3149.0,628.0,3150.0,678.0,2.0,62980.0
2026-03-24 13:38:14.500000000,3149.0,135615.0,4270938020.0,3149.0,628.0,3150.0,678.0,0.0,0.0
2026-03-24 13:38:15.000000000,3149.0,135615.0,4270938020.0,3149.0,639.0,3150.0,699.0,0.0,0.0
2026-03-24 13:38:15.500000000,3149.0,135616.0,4270969510.0,3149.0,638.0,3150.0,680.0,1.0,31490.0
2026-03-24 13:38:16.000000000,3150.0,135617.0,4271001010.0,3149.0,638.0,3150.0,679.0,1.0,31500.0
2026-03-24 13:38:16.500000000,3149.0,135630.0,4271410390.0,3149.0,637.0,3150.0,683.0,13.0,409380.0
2026-03-24 13:38:17.000000000,3149.0,135630.0,4271410390.0,3149.0,638.0,3150.0,680.0,0.0,0.0
2026-03-24 13:38:17.500000000,3150.0,135636.0,4271599340.0,3149.0,633.0,3150.0,661.0,6.0,188950.0
2026-03-24 13:38:18.000000000,3150.0,135639.0,4271693820.0,3149.0,645.0,3150.0,662.0,3.0,94480.0
2026-03-24 13:38:18.500000000,3149.0,135641.0,4271756800.0,3149.0,643.0,3150.0,648.0,2.0,62980.0
2026-03-24 13:38:19.000000000,3149.0,135641.0,4271756800.0,3149.0,643.0,3150.0,662.0,0.0,0.0
2026-03-24 13:38:19.500000000,3150.0,135644.0,4271851280.0,3149.0,640.0,3150.0,671.0,3.0,94480.0
2026-03-24 13:38:20.000000000,3149.0,135648.0,4271977250.0,3149.0,632.0,3150.0,671.0,4.0,125970.0
2026-03-24 13:38:20.500000000,3150.0,135651.0,4272071730.0,3149.0,630.0,3150.0,668.0,3.0,94480.0
2026-03-24 13:38:21.000000000,3149.0,135657.0,4272260670.0,3149.0,623.0,3150.0,668.0,6.0,188940.0
2026-03-24 13:38:21.500000000,3150.0,135666.0,4272544140.0,3149.0,620.0,3150.0,661.0,9.0,283470.0
2026-03-24 13:38:22.000000000,3149.0,135669.0,4272638610.0,3149.0,618.0,3150.0,714.0,3.0,94470.0
2026-03-24 13:38:22.500000000,3149.0,135670.0,4272670100.0,3149.0,615.0,3150.0,825.0,1.0,31490.0
2026-03-24 13:38:23.000000000,3150.0,135671.0,4272701600.0,3149.0,601.0,3150.0,819.0,1.0,31500.0
2026-03-24 13:38:23.500000000,3150.0,135672.0,4272733100.0,3149.0,618.0,3150.0,922.0,1.0,31500.0
2026-03-24 13:38:24.000000000,3150.0,135673.0,4272764600.0,3149.0,490.0,3150.0,903.0,1.0,31500.0
2026-03-24 13:38:24.500000000,3150.0,135684.0,4273111090.0,3149.0,466.0,3150.0,894.0,11.0,346490.0
2026-03-24 13:38:25.000000000,3149.0,135685.0,4273142580.0,3149.0,469.0,3150.0,894.0,1.0,31490.0
2026-03-24 13:38:25.500000000,3149.0,135685.0,4273142580.0,3149.0,510.0,3150.0,897.0,0.0,0.0
2026-03-24 13:38:26.000000000,3149.0,135685.0,4273142580.0,3149.0,510.0,3150.0,897.0,0.0,0.0
2026-03-24 13:38:26.500000000,3149.0,135690.0,4273300060.0,3149.0,509.0,3150.0,893.0,5.0,157480.0
2026-03-24 13:38:27.000000000,3150.0,135706.0,4273804060.0,3149.0,509.0,3150.0,874.0,16.0,504000.0
2026-03-24 13:38:27.500000000,3149.0,135708.0,4273867040.0,3149.0,481.0,3150.0,874.0,2.0,62980.0
2026-03-24 13:38:28.000000000,3150.0,135714.0,4274056020.0,3149.0,553.0,3150.0,892.0,6.0,188980.0
2026-03-24 13:38:28.500000000,3150.0,135716.0,4274119020.0,3149.0,619.0,3150.0,875.0,2.0,63000.0
2026-03-24 13:38:29.000000000,3149.0,135717.0,4274150510.0,3149.0,619.0,3150.0,696.0,1.0,31490.0
2026-03-24 13:38:29.500000000,3149.0,135717.0,4274150510.0,3149.0,656.0,3150.0,680.0,0.0,0.0
2026-03-24 13:38:30.000000000,3149.0,135721.0,4274276470.0,3149.0,655.0,3150.0,699.0,4.0,125960.0
2026-03-24 13:38:30.500002048,3149.0,135722.0,4274307960.0,3149.0,577.0,3150.0,791.0,1.0,31490.0
2026-03-24 13:38:31.000000000,3149.0,135723.0,4274339450.0,3149.0,509.0,3150.0,791.0,1.0,31490.0
2026-03-24 13:38:31.500000000,3149.0,135724.0,4274370940.0,3149.0,507.0,3150.0,794.0,1.0,31490.0
2026-03-24 13:38:32.000000000,3149.0,135771.0,4275850970.0,3149.0,515.0,3150.0,791.0,47.0,1480030.0
2026-03-24 13:38:32.500000000,3149.0,135773.0,4275913950.0,3149.0,554.0,3150.0,716.0,2.0,62980.0
2026-03-24 13:38:33.000000000,3149.0,135779.0,4276102890.0,3149.0,564.0,3150.0,732.0,6.0,188940.0
2026-03-24 13:38:33.500000000,3149.0,135783.0,4276228860.0,3149.0,562.0,3150.0,734.0,4.0,125970.0
2026-03-24 13:38:34.000000000,3149.0,135783.0,4276228860.0,3149.0,557.0,3150.0,734.0,0.0,0.0
2026-03-24 13:38:34.500000000,3149.0,135788.0,4276386320.0,3149.0,553.0,3150.0,708.0,5.0,157460.0
2026-03-24 13:38:35.000000000,3149.0,135789.0,4276417810.0,3149.0,552.0,3150.0,728.0,1.0,31490.0
2026-03-24 13:38:35.500000000,3150.0,135794.0,4276575270.0,3149.0,538.0,3150.0,727.0,5.0,157460.0
2026-03-24 13:38:36.000000000,3149.0,135800.0,4276764210.0,3149.0,538.0,3150.0,727.0,6.0,188940.0
2026-03-24 13:38:36.500000000,3150.0,135801.0,4276795710.0,3149.0,539.0,3150.0,727.0,1.0,31500.0
2026-03-24 13:38:37.000000000,3150.0,135801.0,4276795710.0,3149.0,545.0,3150.0,748.0,0.0,0.0
2026-03-24 13:38:37.500000000,3149.0,135804.0,4276890180.0,3149.0,542.0,3150.0,743.0,3.0,94470.0
2026-03-24 13:38:38.000000000,3149.0,135804.0,4276890180.0,3149.0,542.0,3150.0,745.0,0.0,0.0
2026-03-24 13:38:38.500000000,3149.0,135807.0,4276984650.0,3149.0,540.0,3150.0,744.0,3.0,94470.0
2026-03-24 13:38:39.000000000,3149.0,135810.0,4277079140.0,3149.0,539.0,3150.0,756.0,3.0,94490.0
2026-03-24 13:38:39.500000000,3149.0,135833.0,4277803430.0,3149.0,447.0,3150.0,800.0,23.0,724290.0
2026-03-24 13:38:40.000000000,3149.0,135849.0,4278307270.0,3149.0,373.0,3150.0,927.0,16.0,503840.0
2026-03-24 13:38:40.500000000,3149.0,135901.0,4279944750.0,3149.0,331.0,3150.0,912.0,52.0,1637480.0
2026-03-24 13:38:41.000000000,3149.0,136093.0,4285990830.0,3149.0,242.0,3150.0,916.0,192.0,6046080.0
2026-03-24 13:38:41.500000000,3149.0,136119.0,4286809570.0,3149.0,123.0,3150.0,918.0,26.0,818740.0
2026-03-24 13:38:42.000000000,3149.0,136121.0,4286872550.0,3149.0,130.0,3150.0,910.0,2.0,62980.0
2026-03-24 13:38:42.500000000,3149.0,136126.0,4287030010.0,3149.0,127.0,3150.0,887.0,5.0,157460.0
2026-03-24 13:38:43.000000000,3149.0,136140.0,4287470870.0,3149.0,114.0,3150.0,887.0,14.0,440860.0
2026-03-24 13:38:43.500000000,3149.0,136150.0,4287785790.0,3149.0,107.0,3150.0,884.0,10.0,314920.0
2026-03-24 13:38:44.000000000,3149.0,136158.0,4288037710.0,3149.0,109.0,3150.0,889.0,8.0,251920.0
2026-03-24 13:38:44.500000000,3149.0,136162.0,4288163670.0,3149.0,107.0,3150.0,886.0,4.0,125960.0
2026-03-24 13:38:45.000000000,3149.0,136165.0,4288258140.0,3149.0,110.0,3150.0,882.0,3.0,94470.0
2026-03-24 13:38:45.500000000,3149.0,136167.0,4288321130.0,3149.0,110.0,3150.0,881.0,2.0,62990.0
2026-03-24 13:38:46.000000000,3150.0,136168.0,4288352630.0,3149.0,121.0,3150.0,877.0,1.0,31500.0
2026-03-24 13:38:46.500000000,3149.0,136170.0,4288415610.0,3149.0,161.0,3150.0,889.0,2.0,62980.0
2026-03-24 13:38:47.000000000,3150.0,136175.0,4288573080.0,3149.0,116.0,3150.0,882.0,5.0,157470.0
2026-03-24 13:38:47.500000000,3149.0,136176.0,4288604570.0,3149.0,115.0,3150.0,891.0,1.0,31490.0
2026-03-24 13:38:48.000000000,3149.0,136179.0,4288699040.0,3149.0,111.0,3150.0,880.0,3.0,94470.0
2026-03-24 13:38:48.500000000,3149.0,136179.0,4288699040.0,3149.0,111.0,3150.0,879.0,0.0,0.0
2026-03-24 13:38:49.000000000,3149.0,136183.0,4288825000.0,3149.0,147.0,3150.0,871.0,4.0,125960.0
2026-03-24 13:38:49.500000000,3149.0,136195.0,4289202880.0,3149.0,193.0,3150.0,869.0,12.0,377880.0
2026-03-24 13:38:50.000000000,3149.0,136197.0,4289265870.0,3149.0,193.0,3150.0,876.0,2.0,62990.0
2026-03-24 13:38:50.500000000,3148.0,136399.0,4295626500.0,3149.0,1.0,3150.0,873.0,202.0,6360630.0
2026-03-24 13:38:51.000000000,3148.0,136440.0,4296917340.0,3148.0,1187.0,3149.0,66.0,41.0,1290840.0
2026-03-24 13:38:51.500000000,3149.0,136454.0,4297358180.0,3148.0,1182.0,3149.0,131.0,14.0,440840.0
2026-03-24 13:38:52.000000000,3149.0,136575.0,4301168460.0,3148.0,1182.0,3149.0,31.0,121.0,3810280.0
2026-03-24 13:38:52.500000000,3149.0,136621.0,4302617100.0,3148.0,1183.0,3149.0,2.0,46.0,1448640.0
2026-03-24 13:38:53.000000000,3149.0,136624.0,4302711570.0,3148.0,1187.0,3150.0,875.0,3.0,94470.0
2026-03-24 13:38:53.500000000,3149.0,136631.0,4302932010.0,3149.0,5.0,3150.0,877.0,7.0,220440.0
2026-03-24 13:38:54.000000000,3149.0,136648.0,4303467340.0,3148.0,1205.0,3149.0,5.0,17.0,535330.0
2026-03-24 13:38:54.500000000,3148.0,136789.0,4307906030.0,3148.0,1064.0,3149.0,24.0,141.0,4438690.0
2026-03-24 13:38:55.000000000,3148.0,136789.0,4307906030.0,3148.0,1236.0,3149.0,85.0,0.0,0.0
2026-03-24 13:38:55.500000000,3148.0,136792.0,4308000470.0,3148.0,1233.0,3149.0,45.0,3.0,94440.0
2026-03-24 13:38:56.000000000,3148.0,136792.0,4308000470.0,3148.0,1233.0,3149.0,27.0,0.0,0.0
2026-03-24 13:38:56.500000000,3149.0,136844.0,4309637940.0,3149.0,251.0,3150.0,887.0,52.0,1637470.0
2026-03-24 13:38:57.000000000,3149.0,136846.0,4309700930.0,3149.0,263.0,3150.0,883.0,2.0,62990.0
2026-03-24 13:38:57.500000000,3149.0,136850.0,4309826890.0,3149.0,270.0,3150.0,907.0,4.0,125960.0
2026-03-24 13:38:58.000000000,3149.0,136850.0,4309826890.0,3149.0,270.0,3150.0,907.0,0.0,0.0
2026-03-24 13:38:58.500000000,3149.0,136867.0,4310362240.0,3149.0,269.0,3150.0,903.0,17.0,535350.0
2026-03-24 13:38:59.000000000,3149.0,136868.0,4310393730.0,3149.0,271.0,3150.0,882.0,1.0,31490.0
2026-03-24 13:38:59.500000000,3149.0,136871.0,4310488200.0,3149.0,411.0,3150.0,884.0,3.0,94470.0
2026-03-24 13:39:00.000000000,3149.0,136871.0,4310488200.0,3149.0,644.0,3150.0,819.0,0.0,0.0
2026-03-24 13:39:00.500000000,3149.0,136872.0,4310519690.0,3149.0,691.0,3150.0,708.0,1.0,31490.0
2026-03-24 13:39:01.000000000,3149.0,136907.0,4311621840.0,3149.0,663.0,3150.0,701.0,35.0,1102150.0
2026-03-24 13:39:01.500000000,3149.0,136907.0,4311621840.0,3149.0,669.0,3150.0,710.0,0.0,0.0
2026-03-24 13:39:02.000000000,3149.0,136908.0,4311653330.0,3149.0,671.0,3150.0,712.0,1.0,31490.0
2026-03-24 13:39:02.500000000,3149.0,136914.0,4311842280.0,3149.0,667.0,3150.0,714.0,6.0,188950.0
2026-03-24 13:39:03.000000000,3149.0,136915.0,4311873770.0,3149.0,667.0,3150.0,721.0,1.0,31490.0
2026-03-24 13:39:03.500000000,3149.0,136917.0,4311936750.0,3149.0,665.0,3150.0,716.0,2.0,62980.0
2026-03-24 13:39:04.000000000,3149.0,136917.0,4311936750.0,3149.0,665.0,3150.0,721.0,0.0,0.0
2026-03-24 13:39:04.500000000,3149.0,136917.0,4311936750.0,3149.0,667.0,3150.0,719.0,0.0,0.0
2026-03-24 13:39:05.000000000,3149.0,136918.0,4311968240.0,3149.0,668.0,3150.0,716.0,1.0,31490.0
2026-03-24 13:39:05.500000000,3149.0,136919.0,4311999730.0,3149.0,669.0,3150.0,716.0,1.0,31490.0
2026-03-24 13:39:06.000000000,3149.0,136919.0,4311999730.0,3149.0,668.0,3150.0,716.0,0.0,0.0
2026-03-24 13:39:06.500000000,3149.0,136922.0,4312094210.0,3149.0,668.0,3150.0,694.0,3.0,94480.0
2026-03-24 13:39:07.000000000,3149.0,136922.0,4312094210.0,3149.0,669.0,3150.0,694.0,0.0,0.0
2026-03-24 13:39:07.500000000,3149.0,136923.0,4312125700.0,3149.0,668.0,3150.0,693.0,1.0,31490.0
2026-03-24 13:39:08.000000000,3149.0,136933.0,4312440600.0,3149.0,660.0,3150.0,693.0,10.0,314900.0
2026-03-24 13:39:08.500000000,3149.0,136936.0,4312535070.0,3149.0,657.0,3150.0,693.0,3.0,94470.0
2026-03-24 13:39:09.000000000,3150.0,136941.0,4312692570.0,3149.0,657.0,3150.0,688.0,5.0,157500.0
2026-03-24 13:39:09.500000000,3149.0,136944.0,4312787040.0,3149.0,658.0,3150.0,704.0,3.0,94470.0
2026-03-24 13:39:10.000000000,3149.0,136945.0,4312818530.0,3149.0,657.0,3150.0,709.0,1.0,31490.0
2026-03-24 13:39:10.500000000,3149.0,136946.0,4312850020.0,3149.0,656.0,3150.0,714.0,1.0,31490.0
2026-03-24 13:39:11.000000000,3150.0,136947.0,4312881520.0,3149.0,657.0,3150.0,720.0,1.0,31500.0
2026-03-24 13:39:11.500000000,3150.0,136947.0,4312881520.0,3149.0,658.0,3150.0,721.0,0.0,0.0
2026-03-24 13:39:12.000000000,3150.0,136947.0,4312881520.0,3149.0,659.0,3150.0,721.0,0.0,0.0
2026-03-24 13:39:12.500000000,3150.0,136948.0,4312913020.0,3149.0,659.0,3150.0,720.0,1.0,31500.0
2026-03-24 13:39:13.000000000,3150.0,136948.0,4312913020.0,3149.0,663.0,3150.0,720.0,0.0,0.0
2026-03-24 13:39:13.500000000,3149.0,136950.0,4312976000.0,3149.0,662.0,3150.0,720.0,2.0,62980.0
2026-03-24 13:39:14.000000000,3149.0,136953.0,4313070490.0,3149.0,664.0,3150.0,713.0,3.0,94490.0
2026-03-24 13:39:14.500000000,3149.0,136955.0,4313133470.0,3149.0,663.0,3150.0,713.0,2.0,62980.0
2026-03-24 13:39:15.000000000,3149.0,136955.0,4313133470.0,3149.0,664.0,3150.0,716.0,0.0,0.0
2026-03-24 13:39:15.500000000,3149.0,136956.0,4313164960.0,3149.0,669.0,3150.0,717.0,1.0,31490.0
2026-03-24 13:39:16.000000000,3149.0,136956.0,4313164960.0,3149.0,669.0,3150.0,718.0,0.0,0.0
2026-03-24 13:39:16.500000000,3149.0,136956.0,4313164960.0,3149.0,670.0,3150.0,702.0,0.0,0.0
2026-03-24 13:39:17.000000000,3149.0,136957.0,4313196450.0,3149.0,670.0,3150.0,711.0,1.0,31490.0
2026-03-24 13:39:17.500000000,3149.0,136958.0,4313227940.0,3149.0,670.0,3150.0,712.0,1.0,31490.0
2026-03-24 13:39:18.000000000,3149.0,136959.0,4313259430.0,3149.0,671.0,3150.0,712.0,1.0,31490.0
2026-03-24 13:39:18.500000000,3149.0,136962.0,4313353900.0,3149.0,669.0,3150.0,712.0,3.0,94470.0
2026-03-24 13:39:19.000000000,3150.0,136964.0,4313416900.0,3149.0,673.0,3150.0,710.0,2.0,63000.0
2026-03-24 13:39:19.500000000,3149.0,136965.0,4313448390.0,3149.0,673.0,3150.0,711.0,1.0,31490.0
2026-03-24 13:39:20.000000000,3149.0,136965.0,4313448390.0,3149.0,675.0,3150.0,717.0,0.0,0.0
2026-03-24 13:39:20.500000000,3150.0,136966.0,4313479890.0,3149.0,675.0,3150.0,716.0,1.0,31500.0
2026-03-24 13:39:21.000000000,3149.0,136970.0,4313605850.0,3149.0,672.0,3150.0,729.0,4.0,125960.0
2026-03-24 13:39:21.500000000,3149.0,136970.0,4313605850.0,3149.0,674.0,3150.0,729.0,0.0,0.0
2026-03-24 13:39:22.000000000,3149.0,136970.0,4313605850.0,3149.0,690.0,3150.0,715.0,0.0,0.0
2026-03-24 13:39:22.500000000,3150.0,136972.0,4313668840.0,3149.0,691.0,3150.0,715.0,2.0,62990.0
2026-03-24 13:39:23.000000000,3150.0,136972.0,4313668840.0,3149.0,691.0,3150.0,713.0,0.0,0.0
2026-03-24 13:39:23.500000000,3149.0,136975.0,4313763320.0,3149.0,690.0,3150.0,710.0,3.0,94480.0
2026-03-24 13:39:24.000000000,3149.0,136975.0,4313763320.0,3149.0,690.0,3150.0,723.0,0.0,0.0
2026-03-24 13:39:24.500000000,3150.0,136976.0,4313794820.0,3149.0,691.0,3150.0,725.0,1.0,31500.0
2026-03-24 13:39:25.000000000,3149.0,136977.0,4313826310.0,3149.0,691.0,3150.0,726.0,1.0,31490.0
2026-03-24 13:39:25.500000000,3149.0,136977.0,4313826310.0,3149.0,691.0,3150.0,725.0,0.0,0.0
2026-03-24 13:39:26.000000000,3150.0,136978.0,4313857810.0,3149.0,694.0,3150.0,724.0,1.0,31500.0
2026-03-24 13:39:26.500000000,3150.0,136978.0,4313857810.0,3149.0,697.0,3150.0,736.0,0.0,0.0
2026-03-24 13:39:27.000000000,3150.0,136979.0,4313889310.0,3149.0,697.0,3150.0,735.0,1.0,31500.0
2026-03-24 13:39:27.500000000,3150.0,136980.0,4313920810.0,3149.0,697.0,3150.0,736.0,1.0,31500.0
2026-03-24 13:39:28.000000000,3149.0,136981.0,4313952300.0,3149.0,696.0,3150.0,722.0,1.0,31490.0
2026-03-24 13:39:28.500000000,3150.0,136987.0,4314141300.0,3149.0,696.0,3150.0,716.0,6.0,189000.0
2026-03-24 13:39:29.000000000,3149.0,136988.0,4314172790.0,3149.0,695.0,3150.0,717.0,1.0,31490.0
2026-03-24 13:39:29.500000000,3149.0,136988.0,4314172790.0,3149.0,701.0,3150.0,718.0,0.0,0.0
2026-03-24 13:39:30.000000000,3149.0,136988.0,4314172790.0,3149.0,702.0,3150.0,708.0,0.0,0.0
2026-03-24 13:39:30.500000000,3149.0,136989.0,4314204280.0,3149.0,703.0,3150.0,708.0,1.0,31490.0
2026-03-24 13:39:31.000000000,3149.0,136989.0,4314204280.0,3149.0,755.0,3150.0,708.0,0.0,0.0
2026-03-24 13:39:31.500000000,3150.0,136990.0,4314235780.0,3149.0,755.0,3150.0,704.0,1.0,31500.0
2026-03-24 13:39:32.000000000,3150.0,136990.0,4314235780.0,3149.0,757.0,3150.0,706.0,0.0,0.0
2026-03-24 13:39:32.500000000,3150.0,136992.0,4314298770.0,3149.0,762.0,3150.0,705.0,2.0,62990.0
2026-03-24 13:39:33.000000000,3149.0,136993.0,4314330260.0,3149.0,765.0,3150.0,706.0,1.0,31490.0
2026-03-24 13:39:33.500000000,3149.0,136993.0,4314330260.0,3149.0,776.0,3150.0,709.0,0.0,0.0
2026-03-24 13:39:34.000000000,3149.0,136993.0,4314330260.0,3149.0,777.0,3150.0,698.0,0.0,0.0
2026-03-24 13:39:34.500000000,3149.0,136993.0,4314330260.0,3149.0,780.0,3150.0,710.0,0.0,0.0
2026-03-24 13:39:35.000000000,3149.0,136993.0,4314330260.0,3149.0,791.0,3150.0,709.0,0.0,0.0
2026-03-24 13:39:35.500000000,3150.0,136996.0,4314424760.0,3149.0,795.0,3150.0,662.0,3.0,94500.0
2026-03-24 13:39:36.000000000,3150.0,136996.0,4314424760.0,3149.0,795.0,3150.0,651.0,0.0,0.0
2026-03-24 13:39:36.500000000,3150.0,137001.0,4314582260.0,3149.0,795.0,3150.0,647.0,5.0,157500.0
2026-03-24 13:39:37.000000000,3150.0,137003.0,4314645250.0,3149.0,800.0,3150.0,629.0,2.0,62990.0
2026-03-24 13:39:37.500000000,3150.0,137003.0,4314645250.0,3149.0,800.0,3150.0,574.0,0.0,0.0
2026-03-24 13:39:38.000000000,3149.0,137004.0,4314676740.0,3149.0,799.0,3150.0,559.0,1.0,31490.0
2026-03-24 13:39:38.500000000,3150.0,137009.0,4314834240.0,3149.0,801.0,3150.0,600.0,5.0,157500.0
2026-03-24 13:39:39.000000000,3150.0,137009.0,4314834240.0,3149.0,803.0,3150.0,603.0,0.0,0.0
2026-03-24 13:39:39.500000000,3150.0,137009.0,4314834240.0,3149.0,854.0,3150.0,606.0,0.0,0.0
2026-03-24 13:39:40.000000000,3150.0,137009.0,4314834240.0,3149.0,855.0,3150.0,604.0,0.0,0.0
2026-03-24 13:39:40.500000000,3150.0,137010.0,4314865740.0,3149.0,860.0,3150.0,544.0,1.0,31500.0
2026-03-24 13:39:41.000000000,3150.0,137012.0,4314928730.0,3149.0,859.0,3150.0,453.0,2.0,62990.0
2026-03-24 13:39:41.500000000,3149.0,137015.0,4315023220.0,3149.0,859.0,3150.0,375.0,3.0,94490.0
2026-03-24 13:39:42.000000000,3149.0,137015.0,4315023220.0,3149.0,859.0,3150.0,376.0,0.0,0.0
2026-03-24 13:39:42.500000000,3150.0,137017.0,4315086220.0,3149.0,861.0,3150.0,336.0,2.0,63000.0
2026-03-24 13:39:43.000000000,3150.0,137017.0,4315086220.0,3149.0,861.0,3150.0,337.0,0.0,0.0
2026-03-24 13:39:43.500000000,3149.0,137023.0,4315275170.0,3149.0,853.0,3150.0,335.0,6.0,188950.0
2026-03-24 13:39:44.000000000,3150.0,137024.0,4315306670.0,3149.0,854.0,3150.0,334.0,1.0,31500.0
2026-03-24 13:39:44.500000000,3149.0,137026.0,4315369660.0,3149.0,857.0,3150.0,337.0,2.0,62990.0
2026-03-24 13:39:45.000000000,3149.0,137057.0,4316346150.0,3149.0,896.0,3150.0,307.0,31.0,976490.0
2026-03-24 13:39:45.500000000,3150.0,137058.0,4316377650.0,3149.0,897.0,3150.0,287.0,1.0,31500.0
2026-03-24 13:39:46.000000000,3150.0,137058.0,4316377650.0,3149.0,898.0,3150.0,289.0,0.0,0.0
2026-03-24 13:39:46.500000000,3150.0,137061.0,4316472150.0,3149.0,903.0,3150.0,287.0,3.0,94500.0
2026-03-24 13:39:47.000000000,3150.0,137061.0,4316472150.0,3149.0,904.0,3150.0,279.0,0.0,0.0
2026-03-24 13:39:47.500000000,3150.0,137064.0,4316566650.0,3149.0,906.0,3150.0,276.0,3.0,94500.0
2026-03-24 13:39:48.000000000,3150.0,137066.0,4316629640.0,3149.0,896.0,3150.0,277.0,2.0,62990.0
2026-03-24 13:39:48.500000000,3150.0,137066.0,4316629640.0,3149.0,896.0,3150.0,277.0,0.0,0.0
2026-03-24 13:39:49.000000000,3149.0,137067.0,4316661130.0,3149.0,895.0,3150.0,316.0,1.0,31490.0
2026-03-24 13:39:49.500000000,3150.0,137069.0,4316724130.0,3149.0,910.0,3150.0,444.0,2.0,63000.0
2026-03-24 13:39:50.000000000,3150.0,137069.0,4316724130.0,3149.0,910.0,3150.0,485.0,0.0,0.0
2026-03-24 13:39:50.500000000,3149.0,137073.0,4316850110.0,3149.0,909.0,3150.0,540.0,4.0,125980.0
2026-03-24 13:39:51.000000000,3149.0,137079.0,4317039050.0,3149.0,908.0,3150.0,610.0,6.0,188940.0
2026-03-24 13:39:51.500000000,3149.0,137079.0,4317039050.0,3149.0,909.0,3150.0,610.0,0.0,0.0
2026-03-24 13:39:52.000000000,3149.0,137112.0,4318078230.0,3149.0,877.0,3150.0,607.0,33.0,1039180.0
2026-03-24 13:39:52.500000000,3149.0,137112.0,4318078230.0,3149.0,879.0,3150.0,607.0,0.0,0.0
2026-03-24 13:39:53.000000000,3149.0,137148.0,4319211870.0,3149.0,859.0,3150.0,615.0,36.0,1133640.0
2026-03-24 13:39:53.500000000,3149.0,137148.0,4319211870.0,3149.0,862.0,3150.0,546.0,0.0,0.0
2026-03-24 13:39:54.000000000,3149.0,137207.0,4321069780.0,3149.0,807.0,3150.0,544.0,59.0,1857910.0
2026-03-24 13:39:54.500000000,3149.0,137208.0,4321101270.0,3149.0,808.0,3150.0,551.0,1.0,31490.0
2026-03-24 13:39:55.000000000,3149.0,137319.0,4324596660.0,3149.0,713.0,3150.0,537.0,111.0,3495390.0
2026-03-24 13:39:55.500000000,3150.0,137320.0,4324628160.0,3149.0,713.0,3150.0,551.0,1.0,31500.0
2026-03-24 13:39:56.000000000,3149.0,137327.0,4324848590.0,3149.0,706.0,3150.0,537.0,7.0,220430.0
2026-03-24 13:39:56.500000000,3150.0,137328.0,4324880090.0,3149.0,704.0,3150.0,541.0,1.0,31500.0
2026-03-24 13:39:57.000000000,3150.0,137341.0,4325289480.0,3149.0,693.0,3150.0,539.0,13.0,409390.0
2026-03-24 13:39:57.500000000,3149.0,137342.0,4325320970.0,3149.0,692.0,3150.0,539.0,1.0,31490.0
2026-03-24 13:39:58.000000000,3149.0,137342.0,4325320970.0,3149.0,692.0,3150.0,539.0,0.0,0.0
2026-03-24 13:39:58.500000000,3150.0,137343.0,4325352470.0,3149.0,694.0,3150.0,546.0,1.0,31500.0
2026-03-24 13:39:59.000000000,3150.0,137344.0,4325383970.0,3149.0,697.0,3150.0,540.0,1.0,31500.0
2026-03-24 13:39:59.500000000,3150.0,137344.0,4325383970.0,3149.0,698.0,3150.0,543.0,0.0,0.0
2026-03-24 13:40:00.000000000,3150.0,137346.0,4325446970.0,3149.0,698.0,3150.0,486.0,2.0,63000.0
2026-03-24 13:40:00.500000000,3149.0,137438.0,4328344060.0,3149.0,671.0,3150.0,483.0,92.0,2897090.0
2026-03-24 13:40:01.000000000,3150.0,137451.0,4328753460.0,3149.0,671.0,3150.0,567.0,13.0,409400.0
2026-03-24 13:40:01.500000000,3149.0,137453.0,4328816450.0,3149.0,671.0,3150.0,581.0,2.0,62990.0
2026-03-24 13:40:02.000000000,3149.0,137455.0,4328879430.0,3149.0,705.0,3150.0,474.0,2.0,62980.0
2026-03-24 13:40:02.500000000,3149.0,137456.0,4328910920.0,3149.0,713.0,3150.0,458.0,1.0,31490.0
2026-03-24 13:40:03.000000000,3149.0,137456.0,4328910920.0,3149.0,713.0,3150.0,465.0,0.0,0.0
2026-03-24 13:40:03.500000000,3150.0,137457.0,4328942420.0,3149.0,717.0,3150.0,462.0,1.0,31500.0
2026-03-24 13:40:04.000000000,3150.0,137459.0,4329005420.0,3149.0,717.0,3150.0,458.0,2.0,63000.0
2026-03-24 13:40:04.500000000,3150.0,137459.0,4329005420.0,3149.0,717.0,3150.0,453.0,0.0,0.0
2026-03-24 13:40:05.000000000,3150.0,137459.0,4329005420.0,3149.0,720.0,3150.0,453.0,0.0,0.0
2026-03-24 13:40:05.500000000,3150.0,137459.0,4329005420.0,3149.0,720.0,3150.0,454.0,0.0,0.0
2026-03-24 13:40:06.000000000,3150.0,137459.0,4329005420.0,3149.0,721.0,3150.0,452.0,0.0,0.0
2026-03-24 13:40:06.500000000,3149.0,137465.0,4329194370.0,3149.0,717.0,3150.0,454.0,6.0,188950.0
2026-03-24 13:40:07.000000000,3149.0,137475.0,4329509270.0,3149.0,708.0,3150.0,452.0,10.0,314900.0
2026-03-24 13:40:07.500000000,3150.0,137477.0,4329572260.0,3149.0,712.0,3150.0,451.0,2.0,62990.0
2026-03-24 13:40:08.000000000,3150.0,137477.0,4329572260.0,3149.0,712.0,3150.0,451.0,0.0,0.0
2026-03-24 13:40:08.500000000,3150.0,137477.0,4329572260.0,3149.0,715.0,3150.0,451.0,0.0,0.0
2026-03-24 13:40:09.000000000,3150.0,137478.0,4329603760.0,3149.0,717.0,3150.0,450.0,1.0,31500.0
2026-03-24 13:40:09.500000000,3149.0,137518.0,4330863370.0,3149.0,678.0,3150.0,428.0,40.0,1259610.0
2026-03-24 13:40:10.000000000,3150.0,137525.0,4331083870.0,3149.0,672.0,3150.0,354.0,7.0,220500.0
2026-03-24 13:40:10.500000000,3149.0,137639.0,4334673730.0,3149.0,568.0,3150.0,329.0,114.0,3589860.0
2026-03-24 13:40:11.000000000,3149.0,137639.0,4334673730.0,3149.0,680.0,3150.0,581.0,0.0,0.0
2026-03-24 13:40:11.500000000,3150.0,137701.0,4336626120.0,3149.0,614.0,3150.0,587.0,62.0,1952390.0
2026-03-24 13:40:12.000000000,3150.0,137702.0,4336657620.0,3149.0,621.0,3150.0,730.0,1.0,31500.0
2026-03-24 13:40:12.500000000,3149.0,137713.0,4337004020.0,3149.0,612.0,3150.0,736.0,11.0,346400.0
2026-03-24 13:40:13.000000000,3149.0,137713.0,4337004020.0,3149.0,618.0,3150.0,678.0,0.0,0.0
2026-03-24 13:40:13.500000000,3149.0,137751.0,4338200650.0,3149.0,581.0,3150.0,664.0,38.0,1196630.0
2026-03-24 13:40:14.000000000,3149.0,137751.0,4338200650.0,3149.0,579.0,3150.0,674.0,0.0,0.0
2026-03-24 13:40:14.500000000,3150.0,137814.0,4340184640.0,3149.0,527.0,3150.0,664.0,63.0,1983990.0
2026-03-24 13:40:15.000000000,3150.0,137814.0,4340184640.0,3149.0,527.0,3150.0,665.0,0.0,0.0
2026-03-24 13:40:15.500000000,3149.0,137986.0,4345601590.0,3149.0,422.0,3150.0,598.0,172.0,5416950.0
2026-03-24 13:40:16.000000000,3150.0,138005.0,4346200090.0,3149.0,422.0,3150.0,782.0,19.0,598500.0
2026-03-24 13:40:16.500000000,3150.0,138065.0,4348089680.0,3149.0,384.0,3150.0,788.0,60.0,1889590.0
2026-03-24 13:40:17.000000000,3150.0,138065.0,4348089680.0,3149.0,384.0,3150.0,819.0,0.0,0.0
2026-03-24 13:40:17.500000000,3149.0,138086.0,4348750970.0,3149.0,305.0,3150.0,825.0,21.0,661290.0
2026-03-24 13:40:18.000000000,3149.0,138086.0,4348750970.0,3149.0,301.0,3150.0,825.0,0.0,0.0
2026-03-24 13:40:18.500000000,3149.0,138097.0,4349097360.0,3149.0,284.0,3150.0,825.0,11.0,346390.0
2026-03-24 13:40:19.000000000,3149.0,138153.0,4350860800.0,3149.0,246.0,3150.0,841.0,56.0,1763440.0
2026-03-24 13:40:19.500000000,3149.0,138154.0,4350892290.0,3149.0,230.0,3150.0,841.0,1.0,31490.0
2026-03-24 13:40:20.000000000,3149.0,138230.0,4353285550.0,3149.0,168.0,3150.0,839.0,76.0,2393260.0
2026-03-24 13:40:20.500000000,3149.0,138233.0,4353380040.0,3149.0,168.0,3150.0,837.0,3.0,94490.0
2026-03-24 13:40:21.000000000,3150.0,138271.0,4354576670.0,3149.0,282.0,3150.0,899.0,38.0,1196630.0
2026-03-24 13:40:21.500000000,3150.0,138271.0,4354576670.0,3149.0,228.0,3150.0,900.0,0.0,0.0
2026-03-24 13:40:22.000000000,3150.0,138271.0,4354576670.0,3149.0,227.0,3150.0,917.0,0.0,0.0
2026-03-24 13:40:22.500000000,3149.0,138276.0,4354734130.0,3149.0,264.0,3150.0,917.0,5.0,157460.0
2026-03-24 13:40:23.000000000,3149.0,138287.0,4355080530.0,3149.0,400.0,3150.0,924.0,11.0,346400.0
2026-03-24 13:40:23.500000000,3150.0,138288.0,4355112030.0,3149.0,417.0,3150.0,836.0,1.0,31500.0
2026-03-24 13:40:24.000000000,3150.0,138288.0,4355112030.0,3149.0,410.0,3150.0,836.0,0.0,0.0
2026-03-24 13:40:24.500000000,3149.0,138440.0,4359900020.0,3149.0,374.0,3150.0,690.0,152.0,4787990.0
2026-03-24 13:40:25.000000000,3150.0,138442.0,4359963010.0,3149.0,475.0,3150.0,760.0,2.0,62990.0
2026-03-24 13:40:25.500000000,3150.0,138442.0,4359963010.0,3149.0,427.0,3150.0,760.0,0.0,0.0
2026-03-24 13:40:26.000000000,3150.0,138442.0,4359963010.0,3149.0,417.0,3150.0,782.0,0.0,0.0
2026-03-24 13:40:26.500000000,3150.0,138443.0,4359994510.0,3149.0,417.0,3150.0,783.0,1.0,31500.0
2026-03-24 13:40:27.000000000,3150.0,138444.0,4360026010.0,3149.0,517.0,3150.0,783.0,1.0,31500.0
2026-03-24 13:40:27.500000000,3150.0,138446.0,4360089010.0,3149.0,528.0,3150.0,813.0,2.0,63000.0
2026-03-24 13:40:28.000000000,3150.0,138446.0,4360089010.0,3149.0,527.0,3150.0,815.0,0.0,0.0
2026-03-24 13:40:28.500000000,3149.0,138457.0,4360435410.0,3149.0,408.0,3150.0,814.0,11.0,346400.0
2026-03-24 13:40:29.000000000,3149.0,138459.0,4360498390.0,3149.0,315.0,3150.0,814.0,2.0,62980.0
2026-03-24 13:40:29.500000000,3150.0,138466.0,4360718890.0,3149.0,312.0,3150.0,808.0,7.0,220500.0
2026-03-24 13:40:30.000000000,3150.0,138466.0,4360718890.0,3149.0,313.0,3150.0,809.0,0.0,0.0
2026-03-24 13:40:30.500000000,3149.0,138469.0,4360813380.0,3149.0,312.0,3150.0,807.0,3.0,94490.0
2026-03-24 13:40:31.000000000,3149.0,138470.0,4360844870.0,3149.0,351.0,3150.0,806.0,1.0,31490.0
2026-03-24 13:40:31.500000000,3149.0,138470.0,4360844870.0,3149.0,415.0,3150.0,800.0,0.0,0.0
2026-03-24 13:40:32.000000000,3149.0,138471.0,4360876360.0,3149.0,415.0,3150.0,814.0,1.0,31490.0
2026-03-24 13:40:32.500000000,3149.0,138501.0,4361821060.0,3149.0,387.0,3150.0,815.0,30.0,944700.0
2026-03-24 13:40:33.000000000,3150.0,138502.0,4361852560.0,3149.0,417.0,3150.0,820.0,1.0,31500.0
2026-03-24 13:40:33.500000000,3150.0,138503.0,4361884060.0,3149.0,429.0,3150.0,805.0,1.0,31500.0
2026-03-24 13:40:34.000000000,3150.0,138503.0,4361884060.0,3149.0,431.0,3150.0,805.0,0.0,0.0
2026-03-24 13:40:34.500000000,3149.0,138504.0,4361915550.0,3149.0,432.0,3150.0,805.0,1.0,31490.0
2026-03-24 13:40:35.000000000,3150.0,138505.0,4361947050.0,3149.0,438.0,3150.0,817.0,1.0,31500.0
2026-03-24 13:40:35.500000000,3150.0,138505.0,4361947050.0,3149.0,448.0,3150.0,817.0,0.0,0.0
2026-03-24 13:40:36.000000000,3149.0,138506.0,4361978540.0,3149.0,477.0,3150.0,817.0,1.0,31490.0
2026-03-24 13:40:36.500000000,3149.0,138506.0,4361978540.0,3149.0,462.0,3150.0,918.0,0.0,0.0
2026-03-24 13:40:37.000000000,3149.0,138508.0,4362041520.0,3149.0,376.0,3150.0,876.0,2.0,62980.0
2026-03-24 13:40:37.500000000,3150.0,138510.0,4362104520.0,3149.0,386.0,3150.0,875.0,2.0,63000.0
2026-03-24 13:40:38.000000000,3149.0,138511.0,4362136010.0,3149.0,383.0,3150.0,875.0,1.0,31490.0
2026-03-24 13:40:38.500000000,3149.0,138545.0,4363206670.0,3149.0,351.0,3150.0,875.0,34.0,1070660.0
2026-03-24 13:40:39.000000000,3149.0,138546.0,4363238160.0,3149.0,350.0,3150.0,882.0,1.0,31490.0
2026-03-24 13:40:39.500000000,3149.0,138548.0,4363301140.0,3149.0,347.0,3150.0,883.0,2.0,62980.0
2026-03-24 13:40:40.000000000,3149.0,138566.0,4363867960.0,3149.0,365.0,3150.0,871.0,18.0,566820.0
2026-03-24 13:40:40.500000000,3149.0,138566.0,4363867960.0,3149.0,329.0,3150.0,866.0,0.0,0.0
2026-03-24 13:40:41.000000000,3149.0,138568.0,4363930940.0,3149.0,327.0,3150.0,866.0,2.0,62980.0
2026-03-24 13:40:41.500000000,3149.0,138569.0,4363962430.0,3149.0,326.0,3150.0,866.0,1.0,31490.0
2026-03-24 13:40:42.000000000,3149.0,138575.0,4364151370.0,3149.0,320.0,3150.0,866.0,6.0,188940.0
2026-03-24 13:40:42.500000000,3149.0,138745.0,4369506360.0,3149.0,319.0,3150.0,697.0,170.0,5354990.0
2026-03-24 13:40:43.000000000,3149.0,138745.0,4369506360.0,3149.0,531.0,3150.0,716.0,0.0,0.0
2026-03-24 13:40:43.500000000,3149.0,138745.0,4369506360.0,3149.0,525.0,3150.0,717.0,0.0,0.0
2026-03-24 13:40:44.000000000,3149.0,138745.0,4369506360.0,3149.0,525.0,3150.0,727.0,0.0,0.0
2026-03-24 13:40:44.500000000,3149.0,138745.0,4369506360.0,3149.0,541.0,3150.0,728.0,0.0,0.0
2026-03-24 13:40:45.000000000,3149.0,138745.0,4369506360.0,3149.0,545.0,3150.0,728.0,0.0,0.0
2026-03-24 13:40:45.500000000,3149.0,138745.0,4369506360.0,3149.0,544.0,3150.0,719.0,0.0,0.0
2026-03-24 13:40:46.000000000,3149.0,138745.0,4369506360.0,3149.0,544.0,3150.0,719.0,0.0,0.0
2026-03-24 13:40:46.500000000,3149.0,138746.0,4369537850.0,3149.0,516.0,3150.0,719.0,1.0,31490.0
2026-03-24 13:40:47.000000000,3149.0,138746.0,4369537850.0,3149.0,516.0,3150.0,721.0,0.0,0.0
2026-03-24 13:40:47.500000000,3150.0,138747.0,4369569350.0,3149.0,518.0,3150.0,727.0,1.0,31500.0
2026-03-24 13:40:48.000000000,3150.0,138747.0,4369569350.0,3149.0,518.0,3150.0,736.0,0.0,0.0
2026-03-24 13:40:48.500000000,3150.0,138748.0,4369600850.0,3149.0,518.0,3150.0,735.0,1.0,31500.0
2026-03-24 13:40:49.000000000,3150.0,138749.0,4369632350.0,3149.0,518.0,3150.0,734.0,1.0,31500.0
2026-03-24 13:40:49.500000000,3150.0,138749.0,4369632350.0,3149.0,518.0,3150.0,721.0,0.0,0.0
2026-03-24 13:40:50.000000000,3150.0,138749.0,4369632350.0,3149.0,552.0,3150.0,722.0,0.0,0.0
2026-03-24 13:40:50.500000000,3150.0,138749.0,4369632350.0,3149.0,619.0,3150.0,723.0,0.0,0.0
2026-03-24 13:40:51.000000000,3149.0,138750.0,4369663840.0,3149.0,618.0,3150.0,727.0,1.0,31490.0
2026-03-24 13:40:51.500000000,3149.0,138750.0,4369663840.0,3149.0,619.0,3150.0,727.0,0.0,0.0
2026-03-24 13:40:52.000000000,3149.0,138750.0,4369663840.0,3149.0,620.0,3150.0,734.0,0.0,0.0
2026-03-24 13:40:52.500000000,3149.0,138751.0,4369695330.0,3149.0,604.0,3150.0,734.0,1.0,31490.0
2026-03-24 13:40:53.000000000,3149.0,138752.0,4369726820.0,3149.0,604.0,3150.0,735.0,1.0,31490.0
2026-03-24 13:40:53.500000000,3149.0,138753.0,4369758310.0,3149.0,610.0,3150.0,735.0,1.0,31490.0
2026-03-24 13:40:54.000000000,3149.0,138753.0,4369758310.0,3149.0,612.0,3150.0,738.0,0.0,0.0
2026-03-24 13:40:54.500000000,3149.0,138753.0,4369758310.0,3149.0,612.0,3150.0,738.0,0.0,0.0
2026-03-24 13:40:55.000000000,3149.0,138764.0,4370104700.0,3149.0,601.0,3150.0,731.0,11.0,346390.0
2026-03-24 13:40:55.500000000,3149.0,138764.0,4370104700.0,3149.0,597.0,3150.0,727.0,0.0,0.0
2026-03-24 13:40:56.000000000,3149.0,138764.0,4370104700.0,3149.0,598.0,3150.0,730.0,0.0,0.0
2026-03-24 13:40:56.500000000,3149.0,138765.0,4370136190.0,3149.0,566.0,3150.0,730.0,1.0,31490.0
2026-03-24 13:40:57.000000000,3149.0,138771.0,4370325130.0,3149.0,560.0,3150.0,730.0,6.0,188940.0
2026-03-24 13:40:57.500000000,3149.0,138777.0,4370514070.0,3149.0,607.0,3150.0,727.0,6.0,188940.0
2026-03-24 13:40:58.000000000,3149.0,138778.0,4370545560.0,3149.0,612.0,3150.0,608.0,1.0,31490.0
2026-03-24 13:40:58.500000000,3149.0,138779.0,4370577050.0,3149.0,616.0,3150.0,611.0,1.0,31490.0
2026-03-24 13:40:59.000000000,3149.0,138779.0,4370577050.0,3149.0,616.0,3150.0,610.0,0.0,0.0
2026-03-24 13:40:59.500000000,3149.0,138779.0,4370577050.0,3149.0,616.0,3150.0,559.0,0.0,0.0
2026-03-24 13:41:00.000000000,3149.0,138779.0,4370577050.0,3149.0,622.0,3150.0,564.0,0.0,0.0
2026-03-24 13:41:00.500000000,3149.0,138783.0,4370703030.0,3149.0,621.0,3150.0,561.0,4.0,125980.0
2026-03-24 13:41:01.000000000,3149.0,138783.0,4370703030.0,3149.0,621.0,3150.0,563.0,0.0,0.0
2026-03-24 13:41:01.500000000,3149.0,138783.0,4370703030.0,3149.0,623.0,3150.0,561.0,0.0,0.0
2026-03-24 13:41:02.000000000,3149.0,138784.0,4370734520.0,3149.0,623.0,3150.0,561.0,1.0,31490.0
2026-03-24 13:41:02.500000000,3149.0,138784.0,4370734520.0,3149.0,635.0,3150.0,566.0,0.0,0.0
2026-03-24 13:41:03.000000000,3149.0,138784.0,4370734520.0,3149.0,635.0,3150.0,568.0,0.0,0.0
2026-03-24 13:41:03.500000000,3150.0,138790.0,4370923520.0,3149.0,646.0,3150.0,562.0,6.0,189000.0
2026-03-24 13:41:04.000000000,3150.0,138790.0,4370923520.0,3149.0,708.0,3150.0,496.0,0.0,0.0
2026-03-24 13:41:04.500000000,3150.0,138798.0,4371175500.0,3149.0,709.0,3150.0,491.0,8.0,251980.0
2026-03-24 13:41:05.000000000,3150.0,138803.0,4371333000.0,3149.0,709.0,3150.0,484.0,5.0,157500.0
2026-03-24 13:41:05.500000000,3150.0,138805.0,4371396000.0,3149.0,710.0,3150.0,474.0,2.0,63000.0
2026-03-24 13:41:06.000000000,3150.0,138810.0,4371553500.0,3149.0,710.0,3150.0,473.0,5.0,157500.0
2026-03-24 13:41:06.500000000,3150.0,138813.0,4371648000.0,3149.0,712.0,3150.0,403.0,3.0,94500.0
2026-03-24 13:41:07.000000000,3150.0,138813.0,4371648000.0,3149.0,712.0,3150.0,337.0,0.0,0.0
2026-03-24 13:41:07.500000000,3150.0,138813.0,4371648000.0,3149.0,713.0,3150.0,331.0,0.0,0.0
2026-03-24 13:41:08.000000000,3150.0,138814.0,4371679500.0,3149.0,718.0,3150.0,343.0,1.0,31500.0
2026-03-24 13:41:08.500000000,3150.0,138814.0,4371679500.0,3149.0,723.0,3150.0,341.0,0.0,0.0
2026-03-24 13:41:09.000000000,3150.0,138824.0,4371994500.0,3149.0,723.0,3150.0,333.0,10.0,315000.0
2026-03-24 13:41:09.500000000,3150.0,138826.0,4372057500.0,3149.0,724.0,3150.0,331.0,2.0,63000.0
2026-03-24 13:41:10.000000000,3150.0,138827.0,4372089000.0,3149.0,726.0,3150.0,328.0,1.0,31500.0
2026-03-24 13:41:10.500000000,3150.0,138839.0,4372467000.0,3149.0,688.0,3150.0,316.0,12.0,378000.0
2026-03-24 13:41:11.000000000,3150.0,138839.0,4372467000.0,3149.0,688.0,3150.0,316.0,0.0,0.0
2026-03-24 13:41:11.500000000,3150.0,138839.0,4372467000.0,3149.0,688.0,3150.0,318.0,0.0,0.0
2026-03-24 13:41:12.000000000,3150.0,138841.0,4372529990.0,3149.0,687.0,3150.0,317.0,2.0,62990.0
2026-03-24 13:41:12.500000000,3150.0,138841.0,4372529990.0,3149.0,692.0,3150.0,317.0,0.0,0.0
2026-03-24 13:41:13.000000000,3150.0,138841.0,4372529990.0,3149.0,692.0,3150.0,310.0,0.0,0.0
2026-03-24 13:41:13.500000000,3150.0,138844.0,4372624490.0,3149.0,693.0,3150.0,309.0,3.0,94500.0
2026-03-24 13:41:14.000000000,3150.0,138849.0,4372781990.0,3149.0,791.0,3150.0,270.0,5.0,157500.0
2026-03-24 13:41:14.500000000,3150.0,138978.0,4376845490.0,3149.0,794.0,3150.0,126.0,129.0,4063500.0
2026-03-24 13:41:15.000000000,3150.0,139103.0,4380782990.0,3150.0,232.0,3151.0,1389.0,125.0,3937500.0
2026-03-24 13:41:15.500000000,3150.0,139109.0,4380971990.0,3150.0,323.0,3151.0,1245.0,6.0,189000.0
2026-03-24 13:41:16.000000000,3151.0,139114.0,4381129540.0,3150.0,155.0,3151.0,1240.0,5.0,157550.0
2026-03-24 13:41:16.500000000,3150.0,139120.0,4381318540.0,3150.0,169.0,3151.0,1240.0,6.0,189000.0
2026-03-24 13:41:17.000000000,3151.0,139122.0,4381381560.0,3150.0,213.0,3151.0,1238.0,2.0,63020.0
2026-03-24 13:41:17.500000000,3151.0,139125.0,4381476080.0,3150.0,283.0,3151.0,1243.0,3.0,94520.0
2026-03-24 13:41:18.000000000,3151.0,139127.0,4381539100.0,3150.0,249.0,3151.0,1241.0,2.0,63020.0
2026-03-24 13:41:18.500000000,3151.0,139136.0,4381822680.0,3150.0,162.0,3151.0,1233.0,9.0,283580.0
2026-03-24 13:41:19.000000000,3151.0,139151.0,4382295190.0,3150.0,143.0,3151.0,1232.0,15.0,472510.0
2026-03-24 13:41:19.500000000,3151.0,139274.0,4386169720.0,3150.0,5.0,3151.0,1236.0,123.0,3874530.0
2026-03-24 13:41:20.000000000,3150.0,139279.0,4386327220.0,3149.0,834.0,3150.0,39.0,5.0,157500.0
2026-03-24 13:41:20.500000000,3150.0,139310.0,4387303710.0,3149.0,712.0,3150.0,79.0,31.0,976490.0
2026-03-24 13:41:21.000000000,3150.0,139315.0,4387461210.0,3149.0,715.0,3150.0,74.0,5.0,157500.0
2026-03-24 13:41:21.500000000,3150.0,139329.0,4387902210.0,3149.0,715.0,3150.0,127.0,14.0,441000.0
2026-03-24 13:41:22.000000000,3150.0,139333.0,4388028210.0,3149.0,716.0,3150.0,305.0,4.0,126000.0
2026-03-24 13:41:22.500000000,3150.0,139337.0,4388154210.0,3149.0,721.0,3150.0,533.0,4.0,126000.0
2026-03-24 13:41:23.000000000,3150.0,139339.0,4388217200.0,3149.0,729.0,3150.0,558.0,2.0,62990.0
2026-03-24 13:41:23.500000000,3150.0,139490.0,4392973700.0,3149.0,730.0,3150.0,361.0,151.0,4756500.0
2026-03-24 13:41:24.000000000,3150.0,139490.0,4392973700.0,3149.0,730.0,3150.0,372.0,0.0,0.0
2026-03-24 13:41:24.500000000,3150.0,139492.0,4393036690.0,3149.0,734.0,3150.0,559.0,2.0,62990.0
2026-03-24 13:41:25.000000000,3150.0,139492.0,4393036690.0,3149.0,674.0,3150.0,567.0,0.0,0.0
2026-03-24 13:41:25.500000000,3150.0,139496.0,4393162690.0,3149.0,677.0,3150.0,564.0,4.0,126000.0
2026-03-24 13:41:26.000000000,3150.0,139498.0,4393225690.0,3149.0,678.0,3150.0,577.0,2.0,63000.0
2026-03-24 13:41:26.500000000,3150.0,139499.0,4393257190.0,3149.0,680.0,3150.0,576.0,1.0,31500.0
2026-03-24 13:41:27.000000000,3150.0,139510.0,4393603690.0,3149.0,679.0,3150.0,550.0,11.0,346500.0
2026-03-24 13:41:27.500000000,3150.0,139513.0,4393698190.0,3149.0,685.0,3150.0,541.0,3.0,94500.0
2026-03-24 13:41:28.000000000,3150.0,139514.0,4393729690.0,3149.0,685.0,3150.0,540.0,1.0,31500.0
2026-03-24 13:41:28.500000000,3149.0,139515.0,4393761180.0,3149.0,703.0,3150.0,540.0,1.0,31490.0
2026-03-24 13:41:29.000000000,3149.0,139515.0,4393761180.0,3149.0,711.0,3150.0,552.0,0.0,0.0
2026-03-24 13:41:29.500000000,3149.0,139516.0,4393792670.0,3149.0,723.0,3150.0,567.0,1.0,31490.0
2026-03-24 13:41:30.000000000,3149.0,139521.0,4393950120.0,3149.0,717.0,3150.0,568.0,5.0,157450.0
2026-03-24 13:41:30.500000000,3149.0,139523.0,4394013100.0,3149.0,724.0,3150.0,568.0,2.0,62980.0
2026-03-24 13:41:31.000000000,3149.0,139523.0,4394013100.0,3149.0,724.0,3150.0,556.0,0.0,0.0
2026-03-24 13:41:31.500000000,3150.0,139533.0,4394328100.0,3149.0,725.0,3150.0,539.0,10.0,315000.0
2026-03-24 13:41:32.000000000,3149.0,139534.0,4394359590.0,3149.0,726.0,3150.0,541.0,1.0,31490.0
2026-03-24 13:41:32.500000000,3150.0,139535.0,4394391090.0,3149.0,728.0,3150.0,538.0,1.0,31500.0
2026-03-24 13:41:33.000000000,3150.0,139535.0,4394391090.0,3149.0,733.0,3150.0,545.0,0.0,0.0
2026-03-24 13:41:33.500000000,3149.0,139538.0,4394485560.0,3149.0,730.0,3150.0,547.0,3.0,94470.0
2026-03-24 13:41:34.000000000,3149.0,139543.0,4394643020.0,3149.0,735.0,3150.0,552.0,5.0,157460.0
2026-03-24 13:41:34.500000000,3149.0,139543.0,4394643020.0,3149.0,744.0,3150.0,550.0,0.0,0.0
2026-03-24 13:41:35.000000000,3149.0,139546.0,4394737490.0,3149.0,743.0,3150.0,551.0,3.0,94470.0
2026-03-24 13:41:35.500000000,3150.0,139548.0,4394800490.0,3149.0,745.0,3150.0,549.0,2.0,63000.0
2026-03-24 13:41:36.000000000,3150.0,139549.0,4394831990.0,3149.0,750.0,3150.0,548.0,1.0,31500.0
2026-03-24 13:41:36.500000000,3150.0,139549.0,4394831990.0,3149.0,754.0,3150.0,548.0,0.0,0.0
2026-03-24 13:41:37.000000000,3150.0,139549.0,4394831990.0,3149.0,750.0,3150.0,548.0,0.0,0.0
2026-03-24 13:41:37.500000000,3149.0,139550.0,4394863480.0,3149.0,751.0,3150.0,546.0,1.0,31490.0
2026-03-24 13:41:38.000000000,3149.0,139550.0,4394863480.0,3149.0,753.0,3150.0,547.0,0.0,0.0
2026-03-24 13:41:38.500000000,3149.0,139550.0,4394863480.0,3149.0,749.0,3150.0,547.0,0.0,0.0
2026-03-24 13:41:39.000000000,3150.0,139552.0,4394926480.0,3149.0,773.0,3150.0,550.0,2.0,63000.0
2026-03-24 13:41:39.500000000,3150.0,139553.0,4394957980.0,3149.0,774.0,3150.0,551.0,1.0,31500.0
2026-03-24 13:41:40.000000000,3150.0,139553.0,4394957980.0,3149.0,776.0,3150.0,549.0,0.0,0.0
2026-03-24 13:41:40.500000000,3149.0,139554.0,4394989470.0,3149.0,783.0,3150.0,549.0,1.0,31490.0
2026-03-24 13:41:41.000000000,3150.0,139555.0,4395020970.0,3149.0,788.0,3150.0,476.0,1.0,31500.0
2026-03-24 13:41:41.500000000,3150.0,139555.0,4395020970.0,3149.0,789.0,3150.0,408.0,0.0,0.0
2026-03-24 13:41:42.000001024,3150.0,139555.0,4395020970.0,3149.0,792.0,3150.0,411.0,0.0,0.0
2026-03-24 13:41:42.500000000,3150.0,139555.0,4395020970.0,3149.0,791.0,3150.0,479.0,0.0,0.0
2026-03-24 13:41:43.000000000,3150.0,139555.0,4395020970.0,3149.0,799.0,3150.0,479.0,0.0,0.0
2026-03-24 13:41:43.500000000,3149.0,139557.0,4395083950.0,3149.0,798.0,3150.0,480.0,2.0,62980.0
2026-03-24 13:41:44.000000000,3150.0,139559.0,4395146940.0,3149.0,797.0,3150.0,479.0,2.0,62990.0
2026-03-24 13:41:44.500000000,3150.0,139562.0,4395241440.0,3149.0,798.0,3150.0,476.0,3.0,94500.0
2026-03-24 13:41:45.000000000,3150.0,139562.0,4395241440.0,3149.0,801.0,3150.0,485.0,0.0,0.0
2026-03-24 13:41:45.500000000,3150.0,139562.0,4395241440.0,3149.0,802.0,3150.0,486.0,0.0,0.0
2026-03-24 13:41:46.000000000,3150.0,139563.0,4395272940.0,3149.0,801.0,3150.0,485.0,1.0,31500.0
2026-03-24 13:41:46.500000000,3150.0,139564.0,4395304440.0,3149.0,808.0,3150.0,582.0,1.0,31500.0
2026-03-24 13:41:47.000000000,3150.0,139564.0,4395304440.0,3149.0,808.0,3150.0,583.0,0.0,0.0
2026-03-24 13:41:47.500000000,3149.0,139565.0,4395335930.0,3149.0,809.0,3150.0,583.0,1.0,31490.0
2026-03-24 13:41:48.000000000,3149.0,139565.0,4395335930.0,3149.0,808.0,3150.0,583.0,0.0,0.0
2026-03-24 13:41:48.500000000,3150.0,139566.0,4395367430.0,3149.0,812.0,3150.0,578.0,1.0,31500.0
2026-03-24 13:41:49.000000000,3149.0,139568.0,4395430410.0,3149.0,811.0,3150.0,586.0,2.0,62980.0
2026-03-24 13:41:49.500000000,3149.0,139568.0,4395430410.0,3149.0,811.0,3150.0,586.0,0.0,0.0
2026-03-24 13:41:50.000000000,3149.0,139582.0,4395871270.0,3149.0,798.0,3150.0,579.0,14.0,440860.0
2026-03-24 13:41:50.500000000,3150.0,139587.0,4396028770.0,3149.0,794.0,3150.0,566.0,5.0,157500.0
2026-03-24 13:41:51.000000000,3149.0,139593.0,4396217710.0,3149.0,796.0,3150.0,566.0,6.0,188940.0
2026-03-24 13:41:51.500000000,3149.0,139594.0,4396249200.0,3149.0,790.0,3150.0,573.0,1.0,31490.0
2026-03-24 13:41:52.000000000,3149.0,139594.0,4396249200.0,3149.0,799.0,3150.0,573.0,0.0,0.0
2026-03-24 13:41:52.500000000,3150.0,139599.0,4396406700.0,3149.0,801.0,3150.0,562.0,5.0,157500.0
2026-03-24 13:41:53.000000000,3149.0,139609.0,4396721600.0,3149.0,796.0,3150.0,514.0,10.0,314900.0
2026-03-24 13:41:53.500000000,3149.0,139609.0,4396721600.0,3149.0,799.0,3150.0,511.0,0.0,0.0
2026-03-24 13:41:54.000000000,3149.0,139615.0,4396910590.0,3149.0,829.0,3150.0,562.0,6.0,188990.0
2026-03-24 13:41:54.500000000,3150.0,139616.0,4396942090.0,3149.0,830.0,3150.0,562.0,1.0,31500.0
2026-03-24 13:41:55.000000000,3150.0,139617.0,4396973590.0,3149.0,837.0,3150.0,561.0,1.0,31500.0
2026-03-24 13:41:55.500000000,3149.0,139618.0,4397005080.0,3149.0,836.0,3150.0,562.0,1.0,31490.0
2026-03-24 13:41:56.000000000,3150.0,139654.0,4398139070.0,3149.0,835.0,3150.0,525.0,36.0,1133990.0
2026-03-24 13:41:56.500000000,3150.0,139660.0,4398328070.0,3149.0,839.0,3150.0,519.0,6.0,189000.0
2026-03-24 13:41:57.000000000,3149.0,139661.0,4398359560.0,3149.0,841.0,3150.0,519.0,1.0,31490.0
2026-03-24 13:41:57.500000000,3150.0,139663.0,4398422560.0,3149.0,843.0,3150.0,517.0,2.0,63000.0
2026-03-24 13:41:58.000000000,3150.0,139663.0,4398422560.0,3149.0,843.0,3150.0,517.0,0.0,0.0
2026-03-24 13:41:58.500000000,3150.0,139670.0,4398643060.0,3149.0,843.0,3150.0,510.0,7.0,220500.0
2026-03-24 13:41:59.000000000,3149.0,139680.0,4398957960.0,3149.0,835.0,3150.0,514.0,10.0,314900.0
2026-03-24 13:41:59.500000000,3149.0,139680.0,4398957960.0,3149.0,837.0,3150.0,515.0,0.0,0.0
2026-03-24 13:42:00.000000000,3149.0,139682.0,4399020940.0,3149.0,834.0,3150.0,515.0,2.0,62980.0
2026-03-24 13:42:00.500000000,3149.0,139682.0,4399020940.0,3149.0,832.0,3150.0,516.0,0.0,0.0
2026-03-24 13:42:01.000000000,3149.0,139682.0,4399020940.0,3149.0,843.0,3150.0,533.0,0.0,0.0
2026-03-24 13:42:01.500000000,3149.0,139682.0,4399020940.0,3149.0,850.0,3150.0,545.0,0.0,0.0
2026-03-24 13:42:02.000000000,3149.0,139682.0,4399020940.0,3149.0,852.0,3150.0,543.0,0.0,0.0
2026-03-24 13:42:02.500000000,3149.0,139686.0,4399146900.0,3149.0,853.0,3150.0,549.0,4.0,125960.0
2026-03-24 13:42:03.000000000,3150.0,139687.0,4399178400.0,3149.0,856.0,3150.0,548.0,1.0,31500.0
2026-03-24 13:42:03.500000000,3150.0,139689.0,4399241400.0,3149.0,855.0,3150.0,546.0,2.0,63000.0
2026-03-24 13:42:04.000000000,3150.0,139691.0,4399304390.0,3149.0,855.0,3150.0,546.0,2.0,62990.0
2026-03-24 13:42:04.500000000,3150.0,139691.0,4399304390.0,3149.0,853.0,3150.0,546.0,0.0,0.0
2026-03-24 13:42:05.000000000,3150.0,139691.0,4399304390.0,3149.0,856.0,3150.0,546.0,0.0,0.0
2026-03-24 13:42:05.500000000,3150.0,139691.0,4399304390.0,3149.0,874.0,3150.0,547.0,0.0,0.0
2026-03-24 13:42:06.000000000,3150.0,139691.0,4399304390.0,3149.0,875.0,3150.0,544.0,0.0,0.0
2026-03-24 13:42:06.500000000,3150.0,139691.0,4399304390.0,3149.0,876.0,3150.0,548.0,0.0,0.0
2026-03-24 13:42:07.000000000,3150.0,139710.0,4399902890.0,3149.0,883.0,3150.0,527.0,19.0,598500.0
2026-03-24 13:42:07.500000000,3149.0,139712.0,4399965870.0,3149.0,883.0,3150.0,534.0,2.0,62980.0
2026-03-24 13:42:08.000000000,3149.0,139712.0,4399965870.0,3149.0,887.0,3150.0,532.0,0.0,0.0
2026-03-24 13:42:08.500000000,3149.0,139712.0,4399965870.0,3149.0,882.0,3150.0,533.0,0.0,0.0
2026-03-24 13:42:09.000000000,3149.0,139717.0,4400123360.0,3149.0,885.0,3150.0,530.0,5.0,157490.0
2026-03-24 13:42:09.500000000,3149.0,139717.0,4400123360.0,3149.0,885.0,3150.0,539.0,0.0,0.0
2026-03-24 13:42:10.000000000,3149.0,139717.0,4400123360.0,3149.0,886.0,3150.0,537.0,0.0,0.0
2026-03-24 13:42:10.500000000,3150.0,139719.0,4400186360.0,3149.0,881.0,3150.0,536.0,2.0,63000.0
2026-03-24 13:42:11.000000000,3150.0,139724.0,4400343860.0,3149.0,887.0,3150.0,531.0,5.0,157500.0
2026-03-24 13:42:11.500000000,3150.0,139724.0,4400343860.0,3149.0,886.0,3150.0,532.0,0.0,0.0
2026-03-24 13:42:12.000000000,3150.0,139724.0,4400343860.0,3149.0,893.0,3150.0,535.0,0.0,0.0
2026-03-24 13:42:12.500000000,3150.0,139724.0,4400343860.0,3149.0,890.0,3150.0,536.0,0.0,0.0
2026-03-24 13:42:13.000000000,3150.0,139728.0,4400469860.0,3149.0,895.0,3150.0,532.0,4.0,126000.0
2026-03-24 13:42:13.500000000,3150.0,139730.0,4400532860.0,3149.0,996.0,3150.0,530.0,2.0,63000.0
2026-03-24 13:42:14.000000000,3149.0,139731.0,4400564350.0,3149.0,998.0,3150.0,532.0,1.0,31490.0
2026-03-24 13:42:14.500000000,3150.0,139732.0,4400595850.0,3149.0,998.0,3150.0,513.0,1.0,31500.0
2026-03-24 13:42:15.000000000,3150.0,139735.0,4400690350.0,3149.0,1002.0,3150.0,511.0,3.0,94500.0
2026-03-24 13:42:15.500000000,3149.0,139737.0,4400753340.0,3149.0,1001.0,3150.0,430.0,2.0,62990.0
2026-03-24 13:42:16.000000000,3150.0,139738.0,4400784840.0,3149.0,1002.0,3150.0,361.0,1.0,31500.0
2026-03-24 13:42:16.500000000,3150.0,139739.0,4400816340.0,3149.0,1005.0,3150.0,427.0,1.0,31500.0
2026-03-24 13:42:17.000000000,3150.0,139742.0,4400910830.0,3149.0,1009.0,3150.0,425.0,3.0,94490.0
2026-03-24 13:42:17.500000000,3150.0,139742.0,4400910830.0,3149.0,1008.0,3150.0,415.0,0.0,0.0
2026-03-24 13:42:18.000000000,3150.0,139742.0,4400910830.0,3149.0,1015.0,3150.0,405.0,0.0,0.0
2026-03-24 13:42:18.500000000,3150.0,139742.0,4400910830.0,3149.0,1015.0,3150.0,421.0,0.0,0.0
2026-03-24 13:42:19.000000000,3150.0,139754.0,4401288830.0,3149.0,1018.0,3150.0,409.0,12.0,378000.0
2026-03-24 13:42:19.500000000,3150.0,139754.0,4401288830.0,3149.0,1018.0,3150.0,409.0,0.0,0.0
2026-03-24 13:42:20.000000000,3150.0,139756.0,4401351830.0,3149.0,1020.0,3150.0,409.0,2.0,63000.0
2026-03-24 13:42:20.500000000,3150.0,139756.0,4401351830.0,3149.0,1018.0,3150.0,362.0,0.0,0.0
2026-03-24 13:42:21.000000000,3149.0,139762.0,4401540820.0,3149.0,1081.0,3150.0,330.0,6.0,188990.0
2026-03-24 13:42:21.500000000,3149.0,139762.0,4401540820.0,3149.0,1083.0,3150.0,286.0,0.0,0.0
2026-03-24 13:42:22.000000000,3149.0,139762.0,4401540820.0,3149.0,1091.0,3150.0,235.0,0.0,0.0
2026-03-24 13:42:22.500000000,3150.0,139765.0,4401635320.0,3149.0,1088.0,3150.0,180.0,3.0,94500.0
2026-03-24 13:42:23.000000000,3150.0,139781.0,4402139320.0,3149.0,1094.0,3150.0,164.0,16.0,504000.0
2026-03-24 13:42:23.500000000,3150.0,139783.0,4402202320.0,3149.0,1094.0,3150.0,164.0,2.0,63000.0
2026-03-24 13:42:24.000000000,3150.0,139786.0,4402296820.0,3149.0,1098.0,3150.0,163.0,3.0,94500.0
2026-03-24 13:42:24.500000000,3149.0,139787.0,4402328310.0,3149.0,1093.0,3150.0,168.0,1.0,31490.0
2026-03-24 13:42:25.000000000,3150.0,139791.0,4402454310.0,3149.0,1106.0,3150.0,164.0,4.0,126000.0
2026-03-24 13:42:25.500000000,3149.0,139801.0,4402769210.0,3149.0,1096.0,3150.0,146.0,10.0,314900.0
2026-03-24 13:42:26.000000000,3149.0,139801.0,4402769210.0,3149.0,1098.0,3150.0,148.0,0.0,0.0
2026-03-24 13:42:26.500000000,3150.0,139803.0,4402832210.0,3149.0,1094.0,3150.0,145.0,2.0,63000.0
2026-03-24 13:42:27.000000000,3149.0,139808.0,4402989700.0,3149.0,1098.0,3150.0,141.0,5.0,157490.0
2026-03-24 13:42:27.500000000,3149.0,139808.0,4402989700.0,3149.0,1099.0,3150.0,141.0,0.0,0.0
2026-03-24 13:42:28.000000000,3150.0,139811.0,4403084200.0,3149.0,1102.0,3150.0,138.0,3.0,94500.0
2026-03-24 13:42:28.500000000,3149.0,139812.0,4403115690.0,3149.0,1099.0,3150.0,139.0,1.0,31490.0
2026-03-24 13:42:29.000000000,3150.0,139815.0,4403210190.0,3149.0,1052.0,3150.0,136.0,3.0,94500.0
2026-03-24 13:42:29.500000000,3150.0,139816.0,4403241690.0,3149.0,1052.0,3150.0,137.0,1.0,31500.0
2026-03-24 13:42:30.000000000,3150.0,139816.0,4403241690.0,3149.0,1054.0,3150.0,137.0,0.0,0.0
2026-03-24 13:42:30.500000000,3150.0,139816.0,4403241690.0,3149.0,1051.0,3150.0,187.0,0.0,0.0
2026-03-24 13:42:31.000000000,3150.0,139824.0,4403493690.0,3149.0,1053.0,3150.0,199.0,8.0,252000.0
2026-03-24 13:42:31.500000000,3150.0,139827.0,4403588180.0,3149.0,991.0,3150.0,259.0,3.0,94490.0
2026-03-24 13:42:32.000000000,3150.0,139829.0,4403651180.0,3149.0,991.0,3150.0,404.0,2.0,63000.0
2026-03-24 13:42:32.500000000,3150.0,139830.0,4403682680.0,3149.0,989.0,3150.0,405.0,1.0,31500.0
2026-03-24 13:42:33.000000000,3150.0,139832.0,4403745680.0,3149.0,992.0,3150.0,389.0,2.0,63000.0
2026-03-24 13:42:33.500000000,3150.0,139832.0,4403745680.0,3149.0,992.0,3150.0,361.0,0.0,0.0
2026-03-24 13:42:34.000000000,3149.0,139833.0,4403777170.0,3149.0,990.0,3150.0,294.0,1.0,31490.0
2026-03-24 13:42:34.500000000,3150.0,139835.0,4403840170.0,3149.0,988.0,3150.0,322.0,2.0,63000.0
2026-03-24 13:42:35.000000000,3150.0,139844.0,4404123670.0,3149.0,992.0,3150.0,288.0,9.0,283500.0
2026-03-24 13:42:35.500000000,3150.0,139844.0,4404123670.0,3149.0,992.0,3150.0,288.0,0.0,0.0
2026-03-24 13:42:36.000000000,3150.0,139845.0,4404155170.0,3149.0,993.0,3150.0,358.0,1.0,31500.0
2026-03-24 13:42:36.500000000,3150.0,139845.0,4404155170.0,3149.0,989.0,3150.0,426.0,0.0,0.0
2026-03-24 13:42:37.000000000,3149.0,139851.0,4404344150.0,3149.0,994.0,3150.0,433.0,6.0,188980.0
2026-03-24 13:42:37.500000000,3149.0,139851.0,4404344150.0,3149.0,989.0,3150.0,420.0,0.0,0.0
2026-03-24 13:42:38.000000000,3149.0,139851.0,4404344150.0,3149.0,994.0,3150.0,409.0,0.0,0.0
2026-03-24 13:42:38.500000000,3150.0,139853.0,4404407150.0,3149.0,992.0,3150.0,407.0,2.0,63000.0
2026-03-24 13:42:39.000000000,3150.0,139857.0,4404533150.0,3149.0,997.0,3150.0,415.0,4.0,126000.0
2026-03-24 13:42:39.500000000,3149.0,139858.0,4404564640.0,3149.0,997.0,3150.0,418.0,1.0,31490.0
2026-03-24 13:42:40.000000000,3149.0,139858.0,4404564640.0,3149.0,997.0,3150.0,415.0,0.0,0.0
2026-03-24 13:42:40.500000000,3150.0,139870.0,4404942640.0,3149.0,996.0,3150.0,382.0,12.0,378000.0
2026-03-24 13:42:41.000000000,3150.0,139874.0,4405068640.0,3149.0,1008.0,3150.0,329.0,4.0,126000.0
2026-03-24 13:42:41.500000000,3150.0,139874.0,4405068640.0,3149.0,1011.0,3150.0,279.0,0.0,0.0
2026-03-24 13:42:42.000000000,3149.0,139875.0,4405100130.0,3149.0,1010.0,3150.0,133.0,1.0,31490.0
2026-03-24 13:42:42.500000000,3149.0,139879.0,4405226120.0,3149.0,1071.0,3150.0,108.0,4.0,125990.0
2026-03-24 13:42:43.000000000,3150.0,139932.0,4406895620.0,3149.0,1075.0,3150.0,52.0,53.0,1669500.0
2026-03-24 13:42:43.500000000,3150.0,139936.0,4407021620.0,3149.0,1074.0,3150.0,37.0,4.0,126000.0
2026-03-24 13:42:44.000000000,3149.0,139937.0,4407053110.0,3149.0,1080.0,3150.0,37.0,1.0,31490.0
2026-03-24 13:42:44.500000000,3150.0,139950.0,4407462610.0,3149.0,1081.0,3150.0,24.0,13.0,409500.0
2026-03-24 13:42:45.000000000,3149.0,139965.0,4407934990.0,3149.0,1074.0,3150.0,21.0,15.0,472380.0
2026-03-24 13:42:45.500000000,3149.0,139969.0,4408060980.0,3149.0,1076.0,3150.0,18.0,4.0,125990.0
2026-03-24 13:42:46.000000000,3149.0,139969.0,4408060980.0,3149.0,1075.0,3150.0,18.0,0.0,0.0
2026-03-24 13:42:46.500000000,3150.0,139970.0,4408092480.0,3149.0,1074.0,3150.0,18.0,1.0,31500.0
2026-03-24 13:42:47.000000000,3150.0,139974.0,4408218480.0,3149.0,1084.0,3150.0,15.0,4.0,126000.0
2026-03-24 13:42:47.500000000,3150.0,139975.0,4408249980.0,3149.0,1197.0,3150.0,23.0,1.0,31500.0
2026-03-24 13:42:48.000000000,3150.0,139975.0,4408249980.0,3149.0,1197.0,3150.0,14.0,0.0,0.0
2026-03-24 13:42:48.500000000,3150.0,139983.0,4408501920.0,3149.0,1192.0,3150.0,7.0,8.0,251940.0
2026-03-24 13:42:49.000000000,3150.0,139986.0,4408596420.0,3149.0,1197.0,3150.0,4.0,3.0,94500.0
2026-03-24 13:42:49.500000000,3150.0,139988.0,4408659420.0,3149.0,1197.0,3150.0,2.0,2.0,63000.0
2026-03-24 13:42:50.000000000,3150.0,139990.0,4408722420.0,3150.0,105.0,3151.0,1312.0,2.0,63000.0
2026-03-24 13:42:50.500000000,3151.0,139993.0,4408816940.0,3150.0,38.0,3151.0,1309.0,3.0,94520.0
2026-03-24 13:42:51.000000000,3150.0,139997.0,4408942970.0,3150.0,38.0,3151.0,1306.0,4.0,126030.0
2026-03-24 13:42:51.500000000,3151.0,140000.0,4409037500.0,3150.0,38.0,3151.0,1322.0,3.0,94530.0
2026-03-24 13:42:52.000000000,3150.0,140048.0,4410549500.0,3149.0,1086.0,3150.0,21.0,48.0,1512000.0
2026-03-24 13:42:52.500000000,3149.0,140049.0,4410580990.0,3149.0,1060.0,3150.0,101.0,1.0,31490.0
2026-03-24 13:42:53.000000000,3150.0,140052.0,4410675490.0,3149.0,1061.0,3150.0,98.0,3.0,94500.0
2026-03-24 13:42:53.500000000,3150.0,140053.0,4410706990.0,3149.0,1061.0,3150.0,85.0,1.0,31500.0
2026-03-24 13:42:54.000000000,3149.0,140060.0,4410927420.0,3149.0,1170.0,3150.0,91.0,7.0,220430.0
2026-03-24 13:42:54.500000000,3149.0,140060.0,4410927420.0,3149.0,1173.0,3150.0,99.0,0.0,0.0
2026-03-24 13:42:55.000000000,3149.0,140066.0,4411116400.0,3149.0,1111.0,3150.0,207.0,6.0,188980.0
2026-03-24 13:42:55.500000000,3149.0,140066.0,4411116400.0,3149.0,1111.0,3150.0,338.0,0.0,0.0
2026-03-24 13:42:56.000000000,3149.0,140066.0,4411116400.0,3149.0,1110.0,3150.0,303.0,0.0,0.0
2026-03-24 13:42:56.500000000,3150.0,140067.0,4411147900.0,3149.0,1105.0,3150.0,316.0,1.0,31500.0
2026-03-24 13:42:57.000000000,3149.0,140072.0,4411305390.0,3149.0,1107.0,3150.0,368.0,5.0,157490.0
2026-03-24 13:42:57.500000000,3150.0,140075.0,4411399890.0,3149.0,1106.0,3150.0,379.0,3.0,94500.0
2026-03-24 13:42:58.000000000,3150.0,140076.0,4411431390.0,3149.0,1107.0,3150.0,446.0,1.0,31500.0
2026-03-24 13:42:58.500000000,3150.0,140118.0,4412754380.0,3149.0,1101.0,3150.0,417.0,42.0,1322990.0
2026-03-24 13:42:59.000000000,3150.0,140123.0,4412911880.0,3149.0,1111.0,3150.0,363.0,5.0,157500.0
2026-03-24 13:42:59.500000000,3149.0,140131.0,4413163810.0,3149.0,1105.0,3150.0,332.0,8.0,251930.0
2026-03-24 13:43:00.000000000,3149.0,140132.0,4413195300.0,3149.0,1109.0,3150.0,332.0,1.0,31490.0
2026-03-24 13:43:00.500000000,3150.0,140134.0,4413258300.0,3149.0,1106.0,3150.0,330.0,2.0,63000.0
2026-03-24 13:43:01.000000000,3150.0,140137.0,4413352800.0,3149.0,1109.0,3150.0,379.0,3.0,94500.0
2026-03-24 13:43:01.500000000,3149.0,140138.0,4413384290.0,3149.0,1111.0,3150.0,447.0,1.0,31490.0
2026-03-24 13:43:02.000000000,3149.0,140138.0,4413384290.0,3149.0,1111.0,3150.0,488.0,0.0,0.0
2026-03-24 13:43:02.500000000,3149.0,140141.0,4413478760.0,3149.0,1105.0,3150.0,493.0,3.0,94470.0
2026-03-24 13:43:03.000000000,3150.0,140145.0,4413604760.0,3149.0,1106.0,3150.0,490.0,4.0,126000.0
2026-03-24 13:43:03.500000000,3150.0,140151.0,4413793710.0,3149.0,1106.0,3150.0,489.0,6.0,188950.0
2026-03-24 13:43:04.000000000,3149.0,140155.0,4413919680.0,3149.0,1226.0,3150.0,489.0,4.0,125970.0
2026-03-24 13:43:04.500000000,3149.0,140155.0,4413919680.0,3149.0,1223.0,3150.0,436.0,0.0,0.0
2026-03-24 13:43:05.000000000,3150.0,140157.0,4413982680.0,3149.0,1226.0,3150.0,368.0,2.0,63000.0
2026-03-24 13:43:05.500000000,3149.0,140164.0,4414203150.0,3149.0,1223.0,3150.0,418.0,7.0,220470.0
2026-03-24 13:43:06.000000000,3150.0,140169.0,4414360650.0,3149.0,1225.0,3150.0,481.0,5.0,157500.0
2026-03-24 13:43:06.500000000,3150.0,140169.0,4414360650.0,3149.0,1222.0,3150.0,481.0,0.0,0.0
2026-03-24 13:43:07.000000000,3150.0,140172.0,4414455150.0,3149.0,1225.0,3150.0,479.0,3.0,94500.0
2026-03-24 13:43:07.500000000,3150.0,140174.0,4414518150.0,3149.0,1227.0,3150.0,501.0,2.0,63000.0
2026-03-24 13:43:08.000000000,3150.0,140174.0,4414518150.0,3149.0,1229.0,3150.0,502.0,0.0,0.0
2026-03-24 13:43:08.500000000,3150.0,140174.0,4414518150.0,3149.0,1229.0,3150.0,502.0,0.0,0.0
2026-03-24 13:43:09.000000000,3150.0,140179.0,4414675650.0,3149.0,1232.0,3150.0,497.0,5.0,157500.0
2026-03-24 13:43:09.500000000,3149.0,140293.0,4418265600.0,3149.0,1129.0,3150.0,489.0,114.0,3589950.0
2026-03-24 13:43:10.000000000,3149.0,140293.0,4418265600.0,3149.0,1129.0,3150.0,489.0,0.0,0.0
2026-03-24 13:43:10.500000000,3150.0,140296.0,4418360100.0,3149.0,1130.0,3150.0,492.0,3.0,94500.0
2026-03-24 13:43:11.000000000,3150.0,140301.0,4418517600.0,3149.0,1132.0,3150.0,487.0,5.0,157500.0
2026-03-24 13:43:11.500000000,3150.0,140301.0,4418517600.0,3149.0,1130.0,3150.0,487.0,0.0,0.0
2026-03-24 13:43:12.000000000,3150.0,140307.0,4418706600.0,3149.0,1132.0,3150.0,481.0,6.0,189000.0
2026-03-24 13:43:12.500000000,3150.0,140307.0,4418706600.0,3149.0,1124.0,3150.0,481.0,0.0,0.0
2026-03-24 13:43:13.000000000,3150.0,140311.0,4418832600.0,3149.0,1186.0,3150.0,421.0,4.0,126000.0
2026-03-24 13:43:13.500000000,3150.0,140311.0,4418832600.0,3149.0,1193.0,3150.0,328.0,0.0,0.0
2026-03-24 13:43:14.000000000,3150.0,140315.0,4418958600.0,3149.0,1193.0,3150.0,326.0,4.0,126000.0
2026-03-24 13:43:14.500000000,3149.0,140316.0,4418990090.0,3149.0,1201.0,3150.0,366.0,1.0,31490.0
2026-03-24 13:43:15.000000000,3150.0,140318.0,4419053090.0,3149.0,1204.0,3150.0,616.0,2.0,63000.0
2026-03-24 13:43:15.500000000,3150.0,140318.0,4419053090.0,3149.0,1206.0,3150.0,633.0,0.0,0.0
2026-03-24 13:43:16.000000000,3150.0,140322.0,4419179090.0,3149.0,1206.0,3150.0,629.0,4.0,126000.0
2026-03-24 13:43:16.500000000,3149.0,140327.0,4419336570.0,3149.0,1195.0,3150.0,626.0,5.0,157480.0
2026-03-24 13:43:17.000000000,3150.0,140331.0,4419462570.0,3149.0,1198.0,3150.0,623.0,4.0,126000.0
2026-03-24 13:43:17.500000000,3150.0,140332.0,4419494070.0,3149.0,1199.0,3150.0,566.0,1.0,31500.0
2026-03-24 13:43:18.000000000,3150.0,140333.0,4419525570.0,3149.0,1201.0,3150.0,384.0,1.0,31500.0
